@book{ saad96iterative,
    author = "Y. Saad",
    title = "Iterative Methods for Sparse Linear Systems",
    publisher = "PWS",
    address = "Boston",
    isbn = "053494776X",
    year = "1996"
}

@book{axelsson94iterative,
    author = "O. Axelsson",
    title = "Iterative Solution Methods",
    publisher = "Cambridge University Press",
    address = "Cambridge",
    year = "1994"
}
