@article{Xyce_time,
    Author = { H. A. Watts and E. R. Keiter and S. A. Hutchinson and R. J Hoekstra },
    Title = { Time integration algorithms for the $\mbox{{X}yce}^{\mbox{{TM}}}$ parallel electronic simulator },
    Journal = {ICSAS01 },
    Year = {2000 },
    Month = {October},
    Volume = { },
    Number = { },
    Pages = { }
}

@book{Gear,
	Author = {C. W. Gear},
	Title = {Numerical initial value problems in ordinary differential equations},
	Series = {},
	Volume = {},
	Edition = {first},
	Publisher = {Prentice-Hall},
	Address = {Englewood Cliffs, New Jersey},
	Year = {1971},
	ISBN = {}
}

@book{Shampine,
	Author = {L. F. Shampine},
	Title = {Numerical solution of ordinary differential equations},
	Edition = {},
	Publisher = {Chapman \& Hall},
	Address = {New York},
	Year = {1994}
}

@book{AscherPetzold,
	Author = {U. M. Ascher and L. R. Petzold},
	Title = {Computer methods for ordinary differential equations and differential-algebraic equations},
	Edition = {},
	Publisher = {SIAM},
	Address = {Philadelphia},
	Year = {1998}
}

@book{BCP,
	Author = {K. E. Brennan and S. L. Campbell and L. R. Petzold},
	Title = {Numerical solution of initial-value problems in differential-algebraic equations},
	Volume = {14},
	Series = {Classics in Applied Mathematics},
	Edition = {first},
	Publisher = {SIAM},
	Address = {Philadelphia, PA},
	Year = {1996}
}

@unpublished{PETSc,
	Author = {Satish Balay and Kris Buschelman and William D. Gropp and Dinesh Kaushik and Lois Curfman McInnes and Barry F. Smith},
	Title = {{PETS}c home page},
	Note = {\texttt{http://www.mcs.anl.gov/petsc}},
	Year = {2002}
}

@article{CVODE,
	Author = {George D. Byrne and Alan C. Hindmarsh},
	Title = {{PVODE}, an {ODE} solver for parallel computers},
	Journal = {International Journal of High Performance Computing Applications},
	Month = {},
	Year = {1999},
	Number = {},
	Pages = {354-365}
}

@techreport{IDA,
	Author = {Alan C. Hindmarsh and Allan G. Taylor},
	Title = {User Documentation for {IDA}},
	Institution = { Lawrence Livermore National Laboratories},
	Type = { Technical Report },
	Number = { UCRL-MA-136910 },
	Year = {1993},
  Month = {Dec}
}

@book{HairerWanner,
	Author = {E. Hairer and G. Wanner},
	Title = {Solving Ordinary Differential Equations II:  Stiff and Differential-Algebraic Problems},
	Volume = {14},
	Series = {Springer Series in Computational Mathematics},
	Edition = {second},
	Publisher = {Springer-Verlag},
	Address = {Berlin, Germany},
	Year = {1996}
}

@book{HairerNorsettWanner,
	Author = {E. Hairer and S. P. Norsett and G. Wanner},
	Title = {Solving Ordinary Differential Equations I:  Nonstiff Problems},
	Volume = {8},
	Series = {Springer Series in Computational Mathematics},
	Edition = {second},
	Publisher = {Springer-Verlag},
	Address = {Berlin, Germany},
	Year = {2000}
}

@article{PTC,
	Author = {C. T. Kelley and D. E. Keyes},
	Title = {Convergence analysis of pseudo-transient continuation},
	Journal = {SIAM Journal on Numerical Analysis},
	Month = {April},
	Year = {1998},
	Volume = {35},
	Number = {2},
	Pages = {508-523},
	Webpage = {http://www.siam.org/journals/sinum/35-2/30479.html},
	AMS = {65H10, 65J15, 65N12, 65N22},
	PII = {S0036142996304796}
}

@article{PTCDAE,
        Author = {T. S. Coffey and C. T. Kelley and D. E. Keyes},
        Title = {Pseudo-transient continuation and differential-algebraic equations},
        Journal = {Special Issue of SIAM Journal on Scientific Computing},
        Year = {2003},
        Volume = {25},
        Number = {},
        Pages = {553--569},
        misc0 = {http://epubs.siam.org/sam-bin/dbq/article/41044},
        misc1 = {2002 Copper Mountain conference on iterative methods}
}
