@BOOK(C++CodingStandards05,
 author = "H. Sutter and A. Alexandrescu",
 title = "C++ Coding Standards: 101 Rules, Guidelines and Best Preactices",
 publisher = "Addison Wesley",
 year = "2005"
)
