
@ARTICLE{Aubert2001ADi,
     author = "Pierre Aubert and Di C{\'e}sar{\'e}, Nicolas and Olivier
     Pironneau",
     month = "",
     year = 2001,
     title = "Automatic Differentiation in {C++} using Expression Templates and
     Application to a Flow Control Problem",
     journal = "Computing and Visualisation in Sciences",
     volume = "3",
     number = "",
     pages = "197--208",
     note = "",
     url = "http://pierre.aubert.free.fr/research/fad.ps",
     key = "Aubert2000ADi",
     abstract = "",
     comment = "",
     keywords = "",
     referred = "[Aubert2001ETa].",
    ad_area = "CFD",
    ad_theotech = "Implementation Strategies"
}

@ARTICLE{Bischof1996A2A,
     author = "Christian H. Bischof and Alan Carle and Peyvand Khademi and Andrew
     Mauer",
     month = "",
     year = 1996,
     title = "{ADIFOR} 2.0: Automatic Differentiation of {F}ortran 77 Programs",
     journal = "IEEE Computational Science \& Engineering",
     volume = 3,
     number = 3,
     pages = "18--32",
     note = "",
     key = "Bischof1996A2A",
     abstract = "",
     comment = "Preprint MCS-P481-1194, Mathematics and Computer Science
     Division, Argonne National Laboratory, and CRPC-TR94491, Center
     for Research on Parallel Computation, Rice University.",
     keywords = "",
     referred = "[Abate2001IAw], [Bischof2001ACS], [Caillau2001OCS], [Kim2001SAa],
     [More2001ADT], [Tijskens2001EOO]."
}

@Manual{Chemkin,
  author =   "R. J. Kee and F. M. Rupley and J. A. Miller and M. E. Coltrin and J. F. Grcar and E. Meeks and H. K. Moffat and A. E. Lutz and G. Dixon-Lewis and M. D. Smooke and J. Warnatz and G. H. Evans and R. S. Larson and R. E. Mitchell and L. R. Petzold and W. C. Reynolds and M. Caracotsios and W. E. Stewart and P. Glarborg and C. Wang and O. Adigun and W. G. Houf and C. P. Chou and S. F. Miller and P. Ho and D. J. Young",
  title = {{CHEMKIN} {R}elease 4.0},
  institution =  {Reaction Design, Inc.},
  year = {2004},
  address = {San Diego, CA}
}

@INCOLLECTION{Gay2005SDf,
     author = "D. M. Gay",
     title = "Semiautomatic Differentiation for
     Efficient Gradient Computations",
     editor = "H. M. B{\"u}cker and G. Corliss and P. Hovland and
     U. Naumann and B. Norris",
     booktitle = "Automatic Differentiation:
     {A}pplications, Theory, and Tools",
     year = 2005,
     series = "Lecture Notes in Computational Science and Engineering",
     publisher = "Springer",
}

@Article{hufb:86,
  author =   "Hughes, T. J. R. and Franca, L. P. and Balestra, M.",
  title =    {A new finite element formulation for computational fluid dynamics: {V}.
  {C}icumventing the {B}abuska-{B}rezzi condition:
  {A} stable {P}etrov-{G}alerkin formulation of the {S}tokes problem accomodating equal order interpolation},
  journal =      {Computer Methods in Applied Mechanics and Engineering},
  year =     {1986},
  volume =   {59},
  pages =    {85-99}
}

@article{hufh:89,
   author = "T. J. R. Hughes and L. P. Franca and G. M. Hulbert",
   year = 1989,
   journal = "Computational Methods Applied Mechanics and Engineering",
   title = "A New Finite Element Formulation for Computational
            Fluid Dynamics: {VIII}. The {G}alerkin/Least-Squares method
            for Advective-Diffusive Equations",
   volume = 73,
   pages = "173--189",
}

@BOOK{Griewank2000EDP,
     author = "Andreas Griewank",
     editor = "",
     year = 2000,
     title = "Evaluating Derivatives: Principles and Techniques of Algorithmic
     Differentiation",
     booktitle = "",
     series = "Frontiers in Appl. Math.",
     number = 19,
     note = "",
     publisher = "SIAM",
     address = "Philadelphia, PA",
     key = "Griewank2000EDP",
     abstract = "",
     comment = "",
     keywords = "",
     referred = "",
     isbn = "0--89871--451--6",
ad_theotech = "Reverse Mode, Static Analysis, Taylor Arithmetic, X-Country, Forward Mode"
}

@TechReport{tapenade,
  author = 	 {L. Hasco\"et and V. Pascual},
  title = 	 {{TAPENADE} 2.1 User's Guide},
  institution =  {{INRIA}},
  year = 	 {2004},
  OPTkey = 	 {},
  type = 	 {Rapport technique},
  number = 	 {300},
  address = 	 {Sophia-Antipolis},
  OPTmonth = 	 {},
  OPTnote = 	 {},
  OPTannote = 	 {}
}

@ARTICLE{Tijskens2002ADf,
     author = "Engelbert Tijskens and Dirk Roose and Herman Ramon and Josse {De
     Baerdemaeker}",
     month = "",
     year = "2002",
     title = "Automatic Differentiation for Nonlinear Partial Differential
     Equations: {A}n Efficient Operator Overloading Approach",
     journal = "Numerical Algorithms",
     volume = "30",
     number = "",
     pages = "259--301",
     note = "",
     key = "TijskensADf",
     abstract = "",
     comment = "",
     keywords = "",
     referred = "[Tijskens2001EOO]."
}

@TECHREPORT{Utke2004OAI,
     AUTHOR = "Jean Utke",
     TITLE = "Open{A}{D}: Algorithm Implementation User Guide",
     INSTITUTION = "Mathematics and Computer Science Division,
     Argonne National Laboratory",
     MONTH = "",
     YEAR = "2004",
     TYPE = "Technical Memorandum",
     NUMBER = "ANL/MCS--TM--274",
     ADDRESS = "Argonne, Ill.",
     NOTE = "",
     REFERRED = "",
     COMMENT = "",
     KEYWORDS = "",
     ABSTRACT = "",
     note = "online at ftp://info.mcs.anl.gov/pub/tech_reports/reports/TM-274.pdf",
     ad_tools = "OpenAD"
}

@incollection{Abate2001IAw,
	author = "Jason Abate and Steve Benson and Lisa Grignon and Paul D. Hovland
	and Lois C. McInnes and Boyana Norris",
	editor = "George Corliss and Christ{\`e}le Faure and Andreas Griewank and
	Laurent Hasco{\"e}t and Uwe Naumann",
	year = 2002,
	title = "Integrating {AD} with Object-Oriented Toolkits for High-performance
	Scientific Computing",
	booktitle = "Automatic Differentiation of Algorithms: From Simulation to Optimization",
	series = "Computer and Information Science",
	chapter = 20,
	pages = "173--178",
	publisher = "Springer",
	address = "New York, NY",
	ad_theotech = {General}
	}
