@Article{peck97,
  author =   "Peck, J.D. and Mountziaris, T. J. and Stoltz, S. and Pertou, A.  and Mattocks, P. G.",
  title =    {Metalorganic Vapor Phase Epitaxy of \znf\ Films.},
  journal =      {Journal of Crystal Growth},
  year =     {1997},
  volume =   {170},
  pages =    {523-527}
}
@Article{peck97b,
  author =   "Peck, J. D. and Mountziaris, T. J. and Stoltz, S. and Pertou, A. and Mattocks, P. G.",
  title =    {Metal-Organic Vapor Phase Epitaxy of \znf\ Films},
  journal =      {Applied Physics Letters},
  year =     {1997},
  volume =   {68},
  number =   {16},
  pages =    {2270-2272}
}

@Article{peck99,
  author =   "Huang, S. and Soo, T. L and Ming, Z. H. and Kao, Y. H. and Na, M. H. and Chang, H. C. and Lee, E. H. and Luo, H. and Peck, J. D. and Mountziaris, T. J.",
  title =    {Studies of \znse\ based Semiconductor Thin Films Using Grazing Incidence X-ray Scattering and Diffraction},
  journal =      {Journal of Applied Physics},
  year =     {1999},
  volume =   {85},
  pages =    {237-243}
}
@Article{cs99,
  author =   "Meyer, M.",
  title =    {Nitride News},
  journal =      {Compound Semiconductor},
  year =     {1999},
  volume =   {5},
  number =   {2},
  pages =    {12-13},
  month =    {March},
}
@Article{sn95,
  author =   "Nakamura, S.",
  title =    {A Bright Future for Blue/Green LEDs},
  journal =      {Circuits and Devices},
  year =     {1995},
  pages =    {19-23},
  month =    {May}
}
@Article{sn97,
  author =   "Nakamura, S.",
  title =    {Present and future aspects of blue light emitting devices},
  journal =      {Applied Surface Science},
  year =     {1997},
  volume =   {113/114},
  pages =    {689-697}
}
@InProceedings{gupta98,
  author =   "Gupta, V. and Theodoropoulos, C. and Peck, J. D. and Mountziaris, T. J.",
  title =    {Optimal Design of Stagnation FLow {MOVPE} Reactors with Axisymmetric Mulit-Aperture Inlets},
  booktitle =    {Semiconductor Process and Device Performance Modelling},
  pages =    {161-166},
  year =     {1998},
  volume =   {490},
  series =   {Materials Research Society Symposium Proceedings},
  organization = {Materials Research Society}
}
@InProceedings{gupta97,
  author =   "Gupta, V. and Theodoropoulos, C. and Peck, J. D. and Mountziaris, T. J.",
  title =    {Optimal design of gas inlets for Stagnation Flow {MOVPE} Reactors},
  booktitle =    {Process Control, Diagnostics, and Modeling in Semiconductor Manufacturing II}, 
  pages =    {300-307},
  year =     {1997},
  editor =   "Meyappan, M. and  Economou, D. J. and Butler, S. W.",
  volume =   {97(9)},
  series =   {The Electrochemical Society Proceedings},
  organization = {The Electrochemical Society}
}
@Article{chen96,
  author =   "Chen, C. H. and Liu, H. and Steigerwald, D. and Imler, W. and Kuo, C. P.",
  title =    {A Study of Parasitic Reactions Between \nht\ and {TMG}a or {TMA}l},
  journal =      {Journal of Electronic Materials},
  year =     {1996},
  volume =   {25},
  number =   {6},
  pages =    {1004-1008}
}
@Article{safvi97,
  author =   "Safvi, S. A. and Redwing, J. M. and Tischler, M. A. and Kuech, T. F.",
  title =    {{G}a{N} Growth by Metalorganic Vapor Phase Epitaxy},
  journal =      {Journal of the Electrochemical Society},
  year =     {1997},
  volume =   {144},
  number =   {5},
  month =    {May},
}
@Article{safvi97b,
  author =   "Safvi, S. A. and Perkins, N. R. and Horton, M. N. and Matyi, R. and Kuech,  T. F.",
  title =    {Effect on Reactor Geometry and Growth Parameters on the Uniformity and Material Properties of {G}a{N}/Sapphire grown by hydride vapor-phase expitaxy},
  journal =      {Journal of Crystal Growth},
  year =     {1997},
  volume =   {182},
  pages =    {233-240}
}
@TechReport{sd:mps1,
  author =   "Shadid, J. N. and Moffat, H. K. and Hutchinson, S. A. and Hennigan, G. L. and Devine, K. D. and Salinger, A. G.",
  title =    {{MPS}alsa: {A} Finite Element Computer Program for Reacting Flow Problems - {P}art {I} Theoretical Development},
  institution =  {Sandia National Laboratories},
  year =     {1996},
  note =     {{S}AND95-2752},
  address =      {Albuquerque, New Mexico 87185}
}
@TechReport{sd:mps2,
  author =   "Salinger, A. G. and Devine, K. D. and Hennigan, G. L. and Moffat, H. K. and Hutchinson, S. A. and Shadid, J. N.",
  title =    {{MPS}alsa: {A} Finite Element Computer Program for Reacting Flow Problems - Part {II} User's Guide},
  institution =  {Sandia National Laboratories},
  year =     {1996},
  note =     {{S}AND96-2331},
  address =      {Albuquerque, New Mexico 87185}
}
@TechReport{sd:ck,
  author =   "Kee, R. and Rupley, F. M. and Meeks, E. and Miller, J. A.",
  title =    {Chemkin-{III}: {A} Fortran Chemical Kinetics Package for the Analysis of Gas-Phase Chemical and Plasma Kinetics},
  institution =  {Sandia National Laboratories},
  year =     {1996},
  note =     {{S}AND96-8216},
  address =      {Albuquerque, New Mexico 87185}
}
@TechReport{sd:sk,
  author =   "Coltrin, M. E. and Kee, R. and Rupley, F. M. and Meeks, E.",
  title =    {Surface {C}hemkin-{III}: {A} Fortran Package for Analyzing Heterogeneous Chemical Kinetics at a Solid-Surface---Gas-Phase Interface},
  institution =  {Sandia National Laboratories},
  year =     {1996},
  note =     {{S}AND96-8217},
  address =      {Albuquerque, New Mexico 87185}
}
@Article{ct:sigan,
  author =   "Theodoropoulos, C. and Mountziaris, T. J. and Moffat, H. K. and Han, J.",
  title =    {Design of Gas Inlets for {G}a{N} Growth by {MOVPE}},
  journal =      {Journal of Crystal Growth},
  year =     {Accepted}
}
@TechReport{sd:tf,
  author =   "Kee, R. J. and Dixon-Lewis, G. and Warnatz, J. and Coltrin, M. E. and Miller, J. A.",
  title =    {A Fortran Computer Code Package for the Evaluation of Gas-Phase, Multicomponent Transport Properties},
  institution =  {Sandia National Laboratories},
  year =     {1986},
  note =     {{S}AND86-8246},
  address =      {Albuquerque, New Mexico 87185}
}
@PhdThesis{ct:thesis,
  author =   "Theodoropoulos, C.",
  title =    {Computational Studies of the Metalorganic Vaopr Phase Epitaxy {MOVPE} of {III}-{V} Compound Semiconductors},
  school =   {State University of New York at Buffalo},
  year =     {1999},
  month =    {February}
}
@Article{jp63,
  author =   "Jacko, M. G. and Price, S. J. W.",
  title =    {The Pyrolysis of Trimethyl Gallium},
  journal =      {Canadian Journal of Chemistry},
  year =     {1963},
  volume =   {41},
  pages =    {1560-1567}
}
@Article{zaouk81,
  author =   "Zaouk, A. and Salvetat, E. and Sakaya, J. and Maury, F. and Constant, G.",
  title =    {Various Chemical Mechanisms for the Crystal Growth of {III}-{V} semiconductors using coordination compounds as starting materials in the {MOCVD} process},
  journal =      {Journal of Crystal Growth},
  year =     {1981},
  volume =   {55},
  pages =    {135-144}
}
@Book{pratt69,
  author =   "Pratt, G. L.",
  title =    {Gas Kinetics},
  publisher =    {John Wiley and Sons Ltd.},
  year =     {1969}
}
@Book{hir67,
  author =   "Hirschfelder, J. O. and Curtis, C. F. and Bird, R. B.",
  title =    {Molecular Theory of Gases and Liquids},
  publisher =    {Wiley},
  year =     {1967},
  address =      {New York}
}
@Article{al92a,
  author =   "Almond, M. J. and Drew, M. G. B. and Jenkins, C. A. and Rice, D. A.",
  title =    {Organometallic Precursors for the Formation of {G}a{N} by metal-organic chemical vapor deposition: {A} study of \trimer\.},
  journal =      {Journal of Chemical Society Dalton Transactions},
  year =     {1992},
  volume =   {1},
  pages =    {5-9}
}
@Article{al92b,
  author =   "Almond, M. J. and Jenkins, C. A. and Rice, D. A.",
  title =    {Organometallic Precursors to the Formation of {G}a{N} by {MOCVD}: {S}tructural Characterization of \trimer\ by gas phase electron diffraction.},
  journal =      {Journal of Chemical Society Dalton Transactions},
  year =     {1992},
  volume =   {1},
  pages =    {5-9}
}
@Book{benson76,
  author =   "Benson, S. W.",
  title =    {Thermochemical Kinetics},
  publisher =    {John Wiley and Sons},
  year =     {1976},
  address =      {New York}
}
@Article{leib65,
  author =   "Leib, A. and Emerson, M. T. and P.,O. J.",
  title =    {Prediction of Stabilities of Trialkylgallium Addition Compounds},
  journal =      {Inorganic Chemistry},
  year =     {1965},
  volume =   {4},
  pages =    {1825-1828}
}
@Article{coates51,
  author =   "Coates, G. E.",
  title =    {Trimethylgallium Part {I}. The relative Stabilities if its Coordination Compounds with the Methyl Derivatives of groups {V}$_{B}$ and {VI}$_{B}$, and the thermal decomposition of some trimethylgallium-ammine complexes.},
  journal =      {Journal of the Chemical Society},
  year =     {1951},
  pages =    {2003-2013}
}
@InCollection{kisker,
  author =   "Kisker, D. W. and Kuech, T. F.",
  title =    {The principles and practice of organometallic vapor phase epitaxy},
  booktitle =    {Handbook of Crystal Growth},
  publisher = {Elsevier Science},
  year =     {1993},
  editor =   {D. T. J. Hurle},
  volume =   {3A},
  chapter =      {3},
  address =      {Amsterdam}
}
@Book{stringfellow,
  author =   "Stringfellow, G. B.",
  title =    {Organometallic Vapor-Phase Epitaxy : Theory and Practice},
  publisher =    {Academic Press},
  year =     {1999},
  edition =      {2},
  month =    {May}
}
@Article{ingle,
  author =   "Ingle, N. K. and Theodoropoulos, C. and Peck, J. D. and Mountziaris, T. J. and Wexler, R. M. and Smith, F. T. J.",
  title =    {Reaction kinetics and transport phenomena underlying the low-pressure metalorganic chemical vapor deposition of GaAs},
  journal =      {Journal of Crystal Growth},
  year =     {1996},
  volume =   {167},
  pages =    {543-556}
}
@Article{tjm,
  author =   "Mountziaris, T. J. and Kalyanasundaram, S. and Ingle, N. K.",
  title =    {A reaction-transport model of GaAs growth by metalorganic chemical vapor deposition using trimethyl-gallium and tertiary-butyl-arsine.},
  journal =      {Journal of crystal growth},
  year =     {1993},
  volume =   {131},
  pages =    {283-299}
}
@Book{bsl60,
  author =   "Bird, R. B. and Stewart, W. E. and Lightfoot, E. N.",
  title =    {Transport Phenomena},
  publisher =    {Wiley},
  year =     {1960},
  address =      {New York}
}
@Article{fotiadis90,
  author =   "Fotiadis, D. and Jensen, K. F.",
  title =    {Thermophoresis of solid particles in horizontal chemical vapor deposition reactors},
  journal =      {Journal of Crystal Growth},
  year =     {1990},
  volume =   {102},
  pages =    {743-761}
}
@Article{fotiadis90a,
  author =   "Fotiadis, D. and Kieda, S. and Jensen, K. F.",
  title =    {Transport Phenomena in Vertical Reactors for Metalorganic Vapor Phase Epitaxy {I}. Effects of heat transfer characteristics, reactor geometry, and operating conditions},
  journal =      {Journal of Crystal Growth},
  year =     {1990},
  volume =   {102},
  pages =    {441-470}
}
@Article{gupta96,
  author =   "Gupta, V. and Safvi, S. A. and Mountziaris, T. J.",
  title =    {Gas-phase decomposition kinetics in a wall-less environment using a counterflow jet reactor: design and feasibility studies},
  journal =      {Industrial \& Engineering Chemistry Research},
  year =     {1996},
  volume =   {35},
  number =   {9},
  pages =    {3248-3255}
}

@Article{leclerc50,
  author =   "Leclerc, A.",
  title =    {Deviation d'un jet liquide par une plaque normale a son axe},
  journal =      {La Houille Blanche},
  year =     {1950},
  volume =   {6},
  pages =    {3}
}

@Article{luckerath88,
  author =   "Luckerath, R. and Tommack, P. and Hertling, A. and Koss, H. J. and Balk, P. and Jensen, K. F. and Richter, W.",
  title =    {{CARS} in situ diagnostics in {MOVPE}: The thermal decomposition of {A}s{H}$_{3}$ and {PH}$_{3}$},
  journal =      {Journal of Crystal Growth},
  year =     {1988},
  volume =   {93},
  pages =    {151-158}
}
@Book{unitops85,
  author =   "McCabe, W. L. and Smith, J. C. and Harriott, P.",
  title =    {Unit Operations of Chemical Engineering},
  publisher =    {McGraw-Hill},
  year =     {1985}
}

@TechReport{paik90,
  author =   "Paik, S. and Chen, X. and Kong, P. and Pfender, E.",
  title =    {Modeling of a counterflow plasma reactor},
  institution =  {University of Minnesota Supercomputer Institute},
  year =     {1990},
  month =    {February},
  note =     {UMSI 90/23}
}

@Article{puri87,
  author =   "Puri, I. K. and Seshadri, K. and Smooke, M. D. and Keyes, D. E.",
  title =    {A comparison between numerical calculations and experimental measurements of the structure of a counterflow methane-air diffusion flame},
  journal =      {Combustion Science and Technology},
  year =     {1987},
  volume =   {56},
  pages =    {1-22}
}

@Article{rolon91,
  author =   "Rolon, J. C. and Veynante, D. and Martin, J. P.",
  title =    {Counterjet Stagnation Flows},
  journal =      {Experiments in Fluids},
  year =     {1991},
  volume =   {11},
  pages =    {313-324}
}

@PhdThesis{safvi95,
  author =   "Safvi, S. A.",
  title =    {Studies of Thermal Decomposition Reactions in a Counterflow Jet Reactor and Growth of Gallium Arsenide Films by Metalorganic Chemical Vapor Deposition},
  school =   {State University of New York at Buffalo},
  year =     {1995}
}
@InProceedings{safvi93,
  author =   "Safvi, S. A. and Mountziaris, T. J.",
  title =    {Gas-phase decomposition kinetics of {MOVPE} precursors in a counterflow jet reactor},
  booktitle =    {Chemical Perspectives of Microelectronic Materials {III}},
  pages =    {157-162},
  year =     {1993},
  volume =   {282},
  series =   {Materials Research Society Symposium Proceedings},
  organization = {Materials Research Society}
}
@Article{safvi94,
  author =   "Safvi, S. A. and Mountziaris, T. J.",
  title =    {A new reactor for purely homogeneous kinetic studies of endothermic reactions},
  journal =      {AIChE Journal},
  year =     {1994},
  volume =   {40},
  number =   {9},
  pages =    {1535-1548},
  month =    {September}
}
@Article{seshadri89a,
  author =   "Seshadri, K. and Trevino, C. and Smooke, M. D.",
  title =    {Analysis of the structure and mechanisms of extinction of a counterflow methane-air diffusion flame},
  journal =      {Combustion and Flame},
  year =     {1989},
  volume =   {76},
  pages =    {111-132},
}
@Article{talbot80,
  author =   "Talbot, L. and Cheng, R. K. and Schefer, R. W. and Willis, D. R.",
  title =    {Thermophoresis of particles in a heated boundary layer},
  journal =      {Journal of Fluid Mechanics},
  year =     {1980},
  volume =   {101},
  number =   {4},
  pages =    {737-758}
}
@Article{tamaru55,
  author =   "Tamaru, K.",
  title =    {The decomposition of arsine},
  journal =      {Journal of Physical Chemistry},
  year =     {1955},
  volume =   {59},
  pages =    {777}
}
@Article{visser89,
  author =   "Visser, E. P. and Kleijn, C. R. and Govers, C. A. M. and Hoogendoorn, C. J. and Giling, L. J.",
  title =    {Return flows in horizonatal {MOCVD} reactors studied with the use of {T}i{O}$_{2}$ particle injection and numerical calculations},
  journal =      {Journal of Crystal Growth},
  year =     {1989},
  volume =   {94},
  pages =    {929}
}
@Article{wang86,
  author =   "Wang, C. A. and Groves, S. H. and Palmateer, S. C. and Weyburne, D. W. and Brown, R. A.",
  title =    {Flow visualization studies for optimization of {OMVPE} reactor design},
  journal =      {Journal of Crystal Growth},
  year =     {1986},
  volume =   {77},
  pages =    {136-143}
}
@Article{wood91,
  author =   "Wood, P. and Hrymak, A. and Yeo, R. and Johnson, D. and Tyagi, A.",
  title =    {Experimental and computational studies of the fluid mechanics in an opposed jet mixing head},
  journal =      {Physics of Fluids A},
  year =     {1991},
  volume =   {3},
  number =   {5},
  pages =    {1362-1368}
}
@Article{zachariah89,
  author =   "Zachariah, M. R. and Simerjian, H. G.",
  title =    {Simulation of ceramic particle formation: comparison with in-situ measurements},
  journal =      {AIChE Journal},
  year =     {1989},
  OPTvolume =    {35},
  OPTpages =     {2003-2012}
}
@Article{grimes96,
  author =   "Grimes, R. Y. and Pulido, G. A. and Levine, R. A. and Yoganathan, A. P.",
  title =    {Quasisteady behavior of pulsatile, confined, counterflowing jets: Implications for the assessment of mitral and tricuspid regurgitation},
  journal =      {Journal of Biomechanical Engineering},
  year =     {1996},
  volume =   {118},
  number =   {4},
  pages =    {498-505},
  month =    {November}
}
@TechReport{mcdaniel99,
  author =   "McDaniel, A. H. and Allendorf, M. D.",
  title =    {The Autocatalytic Behavior of Trimethylindium During Thermal Decomposition},
  institution =  {Sandia National Laboratories},
  year =     {1999},
  OPTaddress =   {Livermore, CA 94551},
  note =     {{S}AND 99-8694}
}
@Book{laidler87,
  author =   "Laidler, K. J.",
  title =    {Chemical Kinetics},
  publisher =    {Addison-Wesley},
  year =     {1987},
  edition =      {3rd}
}
@Book{holbrook96,
  author =   "Holbrook, K. A. and Pilling, M. J. and Robertson, S. H.",
  title =    {Unimolecular Reactions},
  publisher =    {ohn Wiley \& Son Ltd},
  year =     {1996},
  OPTedition =   {2nd}
}
@Book{rosner86,
  author =   "Rosner, D. E.",
  title =    {Transport Processes in Chemically Reacting Flow Systems},
  publisher =    {Butterworths},
  year =     {1986}
}
@PhdThesis{guptadiss,
  author =   "Gupta, V.",
  title =    {Reactor Design and Reaction Engineering Studies Related to Metalorganic Vapor Phase Epitaxy of Compound Semiconductors},
  school =   {State University of New York at Buffalo},
  year =     {1997},
  month =    {August}
}
@Article{fernandez81,
  author =   "Fernandez de la Mora, J. and Rosner, D. E.",
  title =    {Inertial Deposition of Particles Revisited and Extended: Eulerian Approach to a Traditionally Lagrangian Problem},
  journal =      {Physicochemical Hydrodynamics},
  year =     {1981},
  volume =   {2},
  pages =    {1-21}
}
@Article{batchelor85,
  author =   "Batchelor, G. K. and Shen, C.",
  title =    {Thermophoretic Deposition of Particles in Gas Flowing over Cold Surfaces},
  journal =      {Journal of Colloid and Interface Science},
  year =     {1985},
  volume =   {107},
  pages =    {21-37}
}
@Article{garcia89,
  author =   "Garcia-Ybarra, P. and Rosner, D. E.",
  title =    {Thermophoretic properties of nonspherical particles and large molecules},
  journal =      {AIChE Journal},
  year =     {1989},
  volume =   {35},
  pages =    {139-147}
}
@Article{vlachos93,
  author =   "Vlachos, D. G. and Schmidt, L. D. and Aris, R.",
  title =    {Ignition and Extinction of Flames Near Surfaces: Combustion of {H}$_{2}$ in air},
  journal =      {Combustion and Flame},
  year =     {1993},
  volume =   {95},
  pages =    {313-335}
}
@TechReport{minos95,
  author =   "Murtagh, B. A. and Saunders, M. A.",
  title =    {{M}inos 5.4 {U}sers {G}uide},
  institution =  {Department of Operations Research, Stanford University},
  year =     {1995},
  address =      {Stanford, California 94305},
  month =    {February},
  note =     {SOL 83-20R}
}
@Book{strang73,
  author =   "Strang, G. and Fix, G.",
  ALTeditor =    {},
  title =    {An Analysis of the Finite Element Method},
  publisher =    {Prentice Hall},
  year =     {1973},
  address =      {Englewood Cliffs, New Jersey}
}
@Article{blades54,
  author =   "Blades, A. T.",
  title =    {The Kinetics of the Pyrolysis of Ethyl and Isopropyl Formates and Acetates},
  journal =      {Canadian Journal of Chemistry},
  year =     {1954},
  volume =   {32},
  pages =    {366-372}
}
@Article{blades60,
  author =   "Blades, A. T. and Gilderson, P. W.",
  title =    {The secondary hydrogen isotope effects in the pyrolysis of ethyl-d$_{5}$ acetate and ethyl acetate-d$_{3}$},
  journal =      {Canadian Journal of Chemistry},
  year =     {1960},
  volume =   {38},
  pages =    {1407-1411}
}
@Article{beadle72,
  author =   "Beadle, P. C. and Golden, D. M. and Benson, S. W.",
  title =    {Very low-pressure Pyrolysis: {VI}.  The Decomposition of Ethyl Acetate},
  journal =      {International Journal of Chemical Kinetics},
  year =     {1972},
  volume =   {IV},
  pages =    {265-271}
}
@Article{egsgaard83,
  author =   "Egsgaard, H. and Carlsen, L.",
  title =    {Unimolecular Gas-Phase Thermolysis of Ethyl Acetate},
  journal =      {International Journal of Mass Spectrometry and Ion Physics},
  year =     {1983},
  volume =   {47},
  pages =    {55-58}
}
@TechReport{benson70,
  author =   "Benson, S. W. and O'Neal, H. E.",
  title =    {Kinetic Data of Gas Phase Unimolecular Reactions},
  institution =  {NBS},
  year =     {1970},
  address =      {Washington, DC},
  note =     {NSRDS-NBS 21}
}
@TechReport{heller78,
  author =   "Heller, S. R. and Milne, G. W. A.",
  title =    {{EPA}/{NIH} Mass Spectral Database},
  institution =  {U. S. Department of Commerce, National Bureau of Standards},
  year =     {1978},
  address =      {Washington, DC}
}
@Unpublished{wolfe62,
  author =   "Wolfe, P.",
  title =    {The Reduced Gradient Method},
  year =     {1962},
  note =     {Unpublished Manuscript, RAND Corporation}
}
@TechReport{davidon59,
  author =   "Davidon, W. C.",
  title =    {Variable Metric Methods for Minimization},
  institution =  {Argonne National Laboratory},
  year =     {1959},
  address =      {Argonne, Illinois},
  note =     {A. E. C. Res. and Develop. Report ANL-5990}
}
@Article{murtagh78,
  author =   "Murtagh, B. A. and Saunders, M. A.",
  title =    {Large-scale Linearly Constrained Optimization},
  journal =      {Math. Prog.},
  year =     {1978},
  volume =   {14},
  pages =    {41-72}
}
@Book{chapra88,
  author =   "Chapra, S. C. and Canale, R. P.",
  title =    {Numerical Methods for Engineers},
  publisher =    {Mc-Graw Hill, Inc.},
  year =     {1988},
  edition =      {2nd}
}
@Article{moffat86,
  author =   "Moffat, H. and Jensen, K. F.",
  title =    {Complex phenomena in {MOCVD} reactors},
  journal =      {Journal of Crystal Growth},
  year =     {1986},
  volume =   {77},
  pages =    {108-119}
}
@Article{coltrin89,
  author =   "Coltrin, M. E. and Kee, R. J. and Evans, G. H.",
  title =    {A mathematical model of the fluid mechanics and gas-phase chemistry in a rotating disk chemical vapor deposition reactor},
  journal =      {Journal of the Electrochemical Society},
  year =     {1989},
  volume =   {131},
  pages =    {425-434}
}
@Article{kobayashi85,
  author =   "Kobayashi, N. and Makimoto, T.",
  title =    {Reduced carbon contamination in OMVPE grown {G}a{A}s and {A}l{G}a{A}s},
  journal =      {Japanese Journal of Applied Physics},
  year =     {1985},
  volume =   {24},
  pages =    {L824-L826}
}
@Article{kuech85,
  author =   "Kuech, T. F. and Potemski, R.",
  title =    {Reduction of background doping in metalorganic vapor phase epitaxy of {G}a{A}s using trimethyl gallium at low reactor pressures},
  journal =      {Applied Physics Letters},
  year =     {1985},
  volume =   {47},
  pages =    {821-823}
}
@Article{kuech87,
  author =   "Kuech, T. F.",
  title =    {Metal-organic vapor phase epitaxy of compound semiconductors},
  journal =      {Materials Science Reports},
  year =     {1987},
  volume =   {2},
  number =       {1},
  pages =    {1-49}
}
@Misc{sarigiannis98,
  author =   "Sarigiannis, D.",
  title =    {experimental data},
  howpublished = {unpublished},
  year =     {1998}
}
@Article{fotache99,
  author =   "Fotache, C. G. and Wang, H. and Law, C. K.",
  title =    {Ignition of ethane, propane, and Butane in Counterflow Jets of Cold Fuel versus Hot Air Under Variable Pressures},
  journal =      {Combustion and Flame},
  year =     {1999},
  volume =   {117},
  pages =    {777-794}
}
@Article{guo98,
  author =   "Gou, H. and Maruta, K. and Niioka, T. and , Liu, F.",
  title =    {Numerical investigationof {CH}$_{4}$/{CO}$_{2}$/air and {CH}$_{4}$/{CO}$_{2}$/{O}$_{2}$ counterflow premixed flames with radiation reabsorption},
  journal =      {Combustion Science and Technology},
  year =     {1998},
  volume =   {135},
  number =   {1-6},
  pages =    {49-64}
}
@Article{zhao97,
  author =   "Zhao, J. and Isaac, K. M.",
  title =    {Influence of geometry and heat release on counterflow diffusion flames: {A} {N}avier-{S}tokes model},
  journal =      {International Journal of Computational Fluid Mechanics},
  year =     {1997},
  volume =   {8},
  number =   {4},
  pages =    {287-298}
}
@Article{yoda96,
  author =   "Yoda, M. and Fielder, H. E.",
  title =    {The round jet in a uniform counterflow: Flow visualization and mean concentration measurements},
  journal =      {Experiments in Fluids},
  year =     {1997},
  volume =   {21},
  number =   {6},
  pages =    {427-436}
}
@Book{tamir94,
  author =   "Tamir, Abraham",
  title =    {Impinging Stream Reactors, Fundamentals and Applications},
  publisher =    {Elsevier Science},
  year =     {1994},
  series =   {Transposrt Processes in Engineering},
  number =       {7}
}
@Article{denshchikov78,
  author =   "Denshchikov, V. A. and Kontratev, V. N. and Romashev, A. N.",
  title =    {Interaction between two opposed jets},
  journal =      {Fluid Dynamics},
  year =     {1978},
  volume =   {6},
  pages =    {924-926}
}
@Article{denshchikov83,
  author =   "Denshchikov, V. A. and Kontratev, V. N. and Romashev, A. N. and Chubarov, V. M.",
  title =    {Auto-oscillations of planar colliding jets},
  journal =      {Fluid Dynamics},
  year =     {1983},
  volume =   {3},
  pages =    {460-462}
}
@Article{popiel91,
  author =   "Popiel, C. O. and Trass, O.",
  title =    {Visualization of a free and Impinging round jet},
  journal =      {Experimental Thermal and Fluid Science},
  year =     {1991},
  volume =   {4},
  pages =    {253-264}
}
@InCollection{elperin68,
  author =   "Elperin, I and Enyakin, Y. P. and Meltzer, V.",
  title =    {Experimental invetsigation of the hydrodynamics of impinging gas-solid particle streams},
  booktitle =    {Heat and Mass Transfer in Dispersed Systems},
  pages =    {454-469},
  publisher = {Minsk},
  year =     {1968},
  editor =   "Luikov, A. V. and Smolsky, B. M.",
  volume =   {5}
}
@Article{champion93,
  author =   "Champion, M. and Libby, P. A.",
  title =    {Reynolds Stress Description of Opposed and impinging Turbulent Jets. I. Closely Spaced Opposed Jets},
  journal =      {Physics of Fluids, A},
  year =     {1993},
  volume =   {5},
  pages =    {203-216}
}
@Article{kostiuk93,
  author =   "Kostiuk, L. W. and Libby, P. A.",
  title =    {Comparision between theory and experiments for turbulence in opposed streams},
  journal =      {Physics of Fluids, A},
  year =     {1993},
  volume =   {5},
  pages =    {2301-2303}
}
@Article{davidson91,
  author =   "Davidson, D. F. and Hanson, R. K. and Dean, A. J.",
  title =    {A shock tube study of reactions of {C} atoms with {H}$_{2}$ and {O}$_{2}$ using excimer photolysis of {C}$_{3}${O}$_{2}$ and {C} atom atomic resonance absorption spectroscopy},
  journal =      {Journal of Physical Chemistry},
  year =     {1991},
  volume =   {95},
  pages =    {183}
}
@Article{sutherland92,
  author =   "Sutherland, J. W. and Rabinowitz, M. J. and Klemm, R.",
  title =    {Shock tube kinetic study of methane dissociation: 1726K $<$ T $<$ 2134K},
  journal =      {Journal of Physical Chemistry},
  year =     {1992},
  volume =   {96},
  pages =    {1786}
}
@Article{kumaran93,
  author =   "Kumaran, S. S. and Kiefer, J.",
  title =    {Rate of {CH}$_{4}$ dissociation over 2800-4300 K: the low pressure limit rate constant},
  journal =      {Journal of Physical Chemistry},
  year =     {1993},
  volume =   {97},
  pages =    {414}
}
@Article{benson67,
  author =   "Benson, S. W. and Spokes, G. N.",
  title =    {Very low pressure pyrolysis: {I}. kinetic studies of homogeneous reactions at the molecular level},
  journal =      {Journal of the American Chemical Society},
  year =     {1967},
  volume =   {89},
  pages =    {2525}
}
@Article{golden73,
  author =   "Golden, D. M. and Spokes, G. N. and Benson, S. W.",
  title =    {Very low pressure pyrolysis ({VLPP}): {A} versatile kinetic tool},
  journal =      {Angew. Chem. Int. Ed. Engl.},
  year =     {1973},
  volume =   {12},
  pages =    {534}
}
@Article{boyle90,
  author =   "Boyle, J. and Pfefferle, L. and Loube, J. and Colson, S. ",
  title =    {Microreactor coupled with laser-generated {VUV} photoionization for pyrolysis and combustion studies: {P}yrolysis of theyl acetylene},
  journal =      {Combustion and Science Technology},
  year =     {1990},
  volume =   {70},
  pages =    {187}
}
@Article{taylor69,
  author =   "Taylor, J. E. and Hutchings, D. A. and Frech, K. J.",
  title =    {Homogeneous gas-phase pyrolysis using a wall-less reactor. {I}. Neopentane},
  journal =      {Journal of the American Chemical Society},
  year =     {1969},
  volume =   {91},
  pages =    {2215-2219}
}
@Article{wang95,
  author =   "Wang, Y. B. and Bisch, C.",
  title =    {Optimization of a wall-less like reactor by simulation},
  journal =      {Chemical Engineering Science},
  year =     {1995},
  volume =   {50},
  number =   {10},
  pages =    {1605-1617}
}
@Article{bisch95,
  author =   "Bisch, C. and Wang, Y. B. and Teyssandier, F.",
  title =    {Wall-less like reactor: {S}imulation and experimental results},
  journal =      {Journal de Physique {IV}, Colloque {C}5, supplement au Journal de Physique {II}},
  year =     {1995},
  volume =   {5},
  pages =    {C5-299 - C5-306}
}
@Article{swihart94,
  author =   "Swihart, M. T. and Carr, R. W.",
  title =    {Pulsed laser powered homogeneous pyrolysis: {A} computational analysis},
  journal =      {International Journal of Chemical Kinetics},
  year =     {1994},
  volume =   {26},
  pages =    {779}
}
@Article{swihart96,
  author =   "Swihart, M. T. and Carr, R. W.",
  title =    {Pulsed laser powered homogeneous pyrolysis for reaction kinetic studies: {P}robe laser measurement of reaction time and temperature},
  journal =      {International Journal of Chemical Kinetics},
  year =     {1996},
  volume =   {28},
  pages =    {817-828}
}
@Article{larsen90,
  author =   "Larsen, C. A. and Buchan, n. I. and Li, S. H. and Stringfellow, G. B.",
  title =    {Decomposition mechanisms of trimethylgallium},
  journal =      {Journal of Crystal Growth},
  year =     {1990},
  volume =   {102},
  pages =    {103-116}
}
@Article{mountziaris91,
  author =   "Mountziaris, T. J. and Jensen, K. F.",
  title =    {Ga-phase and surface reaction mechanisms in {MOCVD} of {G}a{A}s with trimethyl-gallium and arsine},
  journal =      {Journal of the Electrochemical Society},
  year =     {1991},
  volume =   {138},
  number =   {8},
  pages =    {2426-2439}
}
@Article{dixonlewis68,
  author =   "Dixon-Lewis, G.",
  title =    {Flame structure and flame reaction kinetics, {II}. Transport phenomena in multi-component systems},
  journal =      {Proceeding of the Royal Society A},
  year =     {1968},
  OPTvolume =    {307},
  OPTpages =     {111-135}
}
@Article{shakib91,
  author =   "Shakib, F. and Hughes, T. J. R. and Johan, Z.",
  title =    {A new finite element formulation for computational fluid dynamics: {X}. The compressible {E}uler and {N}avier-{S}tokes equations},
  journal =      {Computer Methods in Applied Mechanics and Engineering},
  year =     {1991},
  volume =   {89},
  pages =    {141-219}
}
@Article{hughes89,
  author =   "Hughes, T. J. R. and Franca, L. P. and Hulbert, G. M.",
  title =    {A new finite element formulation for computational fluid dynamics: {VII}. The {G}alerkin/{L}east-{S}quares method for advective-diffusive equations},
  journal =      {Computer Methods in Applied Mechanics and Engineering},
  year =     {1989},
  volume =   {73},
  pages =    {173-189}
}
@Article{idelsohn96,
  author =   "Idelsohn, S. R. and Heinrich, J. C. and O\~{n}ate, E.",
  title =    {{P}etrov-{G}alerkin methods for the transient advective-diffusive equation with sharp gradients},
  journal =      {International Journal for Numerical Methods in Engineering},
  year =     {1996},
  volume =   {39},
  pages =    {1455-1473}
}
@InCollection{hughes82,
  author =   "Hughes, T. J. R. and Brooks, A.",
  title =    {A theoretical framework for {P}etrov-{G}alerkin methods with discontinuous weighting functions: Application to the streamline-upwind procedure},
  booktitle =    {Finite Elements in Fluids},
  pages =    {47-65},
  publisher = {John Wiley \& Sons Ltd.},
  year =     {1982},
  editor =   "Gallagher, R. H. and Norrie, D. H. and Oden, J. T. and Zeinkiewicz, O. C.",
  volume =   {4},
  chapter =      {3}
}

@Article{considine98,
  author =   "Considine, L. and Thrush, T. and Crawley, J. A. and Jacobs, K. and Van der Stricht, W. and Moerman, I. and Demeester, P. and Park, G. H. and Hwang, S. J. and Song, J. J.",
  title =    {Growth and in situ monitoring of {G}a{N} using {IR} interference effects},
  journal =      {Journal of Crystal Growth},
  year =     {1998},
  volume =   {195},
  pages =    {192-198}
}
@Article{vanhollebeke98,
  author =   "Vanhollebeke, K. and Considine, L. and Moerman, I. and Demeester, P. and Thrush, T. and Crawley, J. A.",
  title =    {Highly uniform {A}l{A}s/{G}a{A}s, {I}n{G}a({A}l){P}/{G}a{A}s and {I}n{G}a{A}s(P)/{I}n{P} structures grown in a three 2" wafer close-spaced vertical rotating disk reactor},
  journal =      {Journal of Crystal Growth},
  year =     {1998},
  volume =   {195},
  pages =    {644-647}
}
@Article{zhang97,
  author =   "Zhang, X. and Moerman, I. and Sys, C. and Demeester, P. and Crawley, J. A. and Thrush, T.",
  title =    {Highly uniform {A}l{G}a{A}s/{G}a{A}s, {I}n{G}a{A}s({P})/{I}n{P} structures grown in a multiwafer vertical rotating suscptor {MOVPE} reactor},
  journal =      {Journal of Crystal Growth},
  year =     {1997},
  volume =   {170},
  pages =    {83-87}
}
@Article{taylor98,
  author =   "Taylor, C. and Barlett, D. and Chason, E. and Floro, J. and Brieland, W. and Killeen, K.",
  title =    {A laser-based thin-film growth monitor},
  journal =      {The Industrial Physicist},
  year =     {1998},
  OPTpages =     {25-27},
  OPTmonth =     {March}
}
@Misc{thrush98,
  author =   {Thrush, T.},
  year =     {1998},
  note =     {Unpublished data, Thomas Swan \& Co. Ltd., Cambridge, UK}
}
@TechReport{salinger97,
  author =   "Salinger, A. G. and Shadid, J. N. and Hutchinson, S. A. and Hennigan, G. L. and Devine, K. D.  and Moffat, H. K.",
  title =    {Massively Parallel Computation of 3{D} Flow and Reactions in Chemical Vapor Deposition Reactors},
  institution =  {Sandia National Laboratories},
  year =     {1997},
  note =     {{S}AND97-3092},
  address =      {Albuquerque, New Mexico 87185}
}
@Article{salinger99,
  author =   "Salinger, A. G. and Shadid, J. N. and Hutchinson, S. A. and Hennigan, G. L. and Devine, K. D.  and Moffat, H. K.",
  title =    {Analysis of gallium arsenide deposition in a horizontal chemical vapor deposition reactor using massively parallel computations},
  journal =      {Journal of Crystal Growth},
  year =     {1999},
  volume =   {203},
  pages =    {516-533}
}
@Article{mihopoulos98,
  author =   "Mihopoulos, T. G. and Hummel, S G. and Jensen, K. F.",
  title =    {Simulation of flow and growth phenomena in a close-spaced reactor},
  journal =      {Journal of Crystal Growth},
  year =     {1998},
  volume =   {195},
  pages =    {725-732}
}
@Article{gadgil94,
  author =   "Gadgil, P. N.",
  title =    {Capillary plug flow distributor for stagnation flow {APCVD} reactor},
  journal =      {Materials Letters},
  year =     {1994},
  volume =   {20},
  pages =    {351-354},
  month =    {August}
}
@Article{kusumoto85,
  author =   "Kusumoto, Y. and Hayashi, T. and Komiya, S.",
  title =    {Numerical Analysis of the Transport Phenomena in MOCVD Processes},
  journal =      {Japanese Journal of Applied Physics},
  year =     {1985},
  volume =   {4},
  number =   {5},
  pages =    {620-625}
}
@Article{gadgil93,
  author =   "Gadgil, P.N.",
  title =    {Optimization of a stagnation point flow reactor design for metalorganic chemical vapor depostiion by flow visualization},
  journal =      {Journal of Crystal Growth},
  year =     {1993},
  volume =   {134},
  pages =    {302-312}
}
@Article{gadgil93a,
  author =   "Gadgil, P.N.",
  title =    {Single Wafer Processing in Stagnation Point Flow {CVD} reactor: {P}rospects, constraints, and reactor design.},
  journal =      {Journal of Electronic Materials},
  year =     {1993},
  volume =   {22},
  number =       {2},
  pages =    {171-177}
}
@Book{middleman93,
  author =   "Middleman, S. and Hochberg, A. K.",
  title =    {Process Engineering Analysis in Semiconductor Device Fabrication},
  publisher =    {McGraw-Hill, Inc.},
  year =     {1993},
  series =   {Chemical Engineering Series}
}
@Book{shackelford92,
  author =   "Shackelford, J. F.",
  title =    {Introduction to Materials Science for Engineers},
  publisher =    {Macmillan Publishing Company},
  year =     {1992},
  edition =      {3rd}
}
@Article{jensen91,
  author =   "Jensen, K. F. and Fotiadis, D. I. and Mountziaris, T. J.",
  title =    {Detailed Models of the {MOVPE} Process},
  journal =      {Journal of Crystal Growth},
  year =     {1991},
  volume =   {107},
  pages =    {1-11}
}
@Article{komiyama99,
  author =   "Komiyama, H. and Shimogaki, Y. and Egashira, Y.",
  title =    {Chemical Reaction Engineering in the Design of CVD Reactors},
  journal =      {Chemical Engineering Science},
  year =     {1999},
  volume =   {54},
  pages =    {1941-1957}
}
@Article{jensen87,
  author =   "Jensen, K. F.",
  title =    {Micro-reaction engineering applications of reaction engineering to processing of electronic and photonic materials},
  journal =      {Chemical Engineering Science},
  year =     {1987},
  volume =   {42},
  pages =    {923-958}
}
@InProceedings{jensen84,
  author =   "Jensen, K. F.",
  title =    {Modeling of chemical vapor deposition reactors},
  booktitle =    {Proceedings of the 9th International Conference on CVD},
  pages =    {3-20},
  year =     {1984}
}
@InProceedings{jensen85,
  author =   "Jensen, K. F. and Hitchman, M. L. and Ahmed, W.",
  title =    {{LPCVD} receipts for disaster},
  booktitle =    {Proceedings of the 5th {EURO-CVD} Conference},
  pages =    {144-151},
  year =     {1985}
}
@Book{yu96,
  author =   "Yu, P. Y. and Cardona, M.",
  title =    {Fundamentals of Semiconductors: Physics and Material Properties},
  publisher =    {Springer-Verlag},
  year =     {1996}
}
@Book{woodruff94,
  author =   "Woodruff, D. P. and Delchar, T. A.",
  title =    {Modern Techniques of Surface Science},
  publisher =    {Cambridge University Press},
  year =     {1994},
  series =   {Cambridge Solid State Science Series},
  edition =      {2nd}
}
@Book{walls89,
  author =   "Walls, J. M.",
  title =    {Methods of Surface Analysis, Techniques and Applications},
  publisher =    {Cambridge University Press},
  year =     {1989}
}
@Article{thompson94,
  author =   "Thompson, A. G. and Stall, R. A. and Kroll, B.",
  title =    { },
  journal =      {Semiconductor Intern.},
  year =     {1994},
  pages =    {172},
  month =    {July}
}
@Article{thompson97,
  author =   "Thompson, A. G.",
  title =    {Materials Update, {MOCVD} technology for semiconductors},
  journal =      {Materials Letters},
  year =     {1997},
  volume =   {30},
  pages =    {255-263}
}
@Article{tomesakai93,
  author =   "Tomesakai, N. and Suzuki, M. and Komeno, J.",
  title =    {Large area and highly uniform {MOVPE} growth for {A}l{G}a{A}s/{G}a{A}s {HEMT} {LSI}s},
  journal =      {Journal of the Electrochemical Society},
  year =     {1993},
  volume =   {140},
  number =       {8},
  pages =    {2432-2438}
}
@Article{frijlink88,
  author =   "Frijlink, P. M.",
  title =    {A new versatile, large size {MOVPE} reactor},
  journal =      {Journal of Crystal Growth},
  year =     {1988},
  volume =   {93},
  number =       {1-4},
  pages =    {207-215}
}
@Article{thompson94b,
  author =   "Thompson, A. G.",
  title =    { },
  journal =      {Proc. Adv. Mater.},
  year =     {1994},
  volume =   {4},
  pages =    {181}
}
@Article{kisker96,
  author =   "Kisker, D. W. and Stephenson, G. B. and Tersoff, J. and Fuoss, P. H. and Brennan, S.",
  title =    {Atomic scale studies of epitaxial growth processes using {X}-ray techniques},
  journal =      {Journal of Crystal Growth},
  year =     {1996},
  volume =   {163},
  pages =    {54-59}
}
@Article{thompson95,
  author =   "Thompson, A. G. and Karlicek, R. and Armour, E. and Kroll, W. and Zawadzki, P. and Stall, R. A.",
  title =    { },
  journal =      {{III}-{V} Review},
  year =     {1995},
  volume =   {9},
  pages =    {12}
}
@PhdThesis{kleijn91,
  author =   "Kleijn, C. R.",
  title =    {Transport Phenomena in Chemical Vapor Deposition Reactors},
  school =   {Delft University of Technlogy},
  year =     {1991}
}
@Article{moon97,
  author =   "Moon, R. L.",
  title =    {{MOVPE}: is there any other technology for optoelectronics?},
  journal =      {Journal of Crystal Growth},
  year =     {1997},
  volume =   {170},
  pages =    {1-10}
}
@Article{ledentsov99,
  author =   "Ledentsov, N. N.",
  title =    {Vertical Cavity Surface-Emiitting Lasers using {I}n{G}a{N} Quantum Dots},
  journal =      {Compound Semiconductor},
  year =     {1999},
  volume =   {5},
  number =   {9},
  pages =    {61-64}
}
@Article{someya99,
  author =   "Someya, T. and Werner, R. and Forchel, A. and Catalano, M. and Cingolani, R. and Arakawa, Y.",
  title =    {Room Temperature Lasing at Blue Wavelengths in Gallium Nitride Microcavities},
  journal =      {Science},
  year =     {1999},
  volume =   {285},
  number =   {5435},
  pages =    {1905}
}
@Article{schneider94,
  author =   "Schneider Jr., R. P. and Lott, J. A. and Lear, K. L. and Choquette, K. D. and Crawford, M. H. and Kilcoyne, S. P. and Figiel, J. J.",
  title =    {Metalorganic vapor phase epitaxial growth of red and infrared vertical-cavity surface-emitting laser diodes},
  journal =      {Journal of Crystal Growth},
  year =     {1994},
  volume =   {145},
  number =       {1-4},
  pages =    {838-845}
}
@Article{schneider92,
  author =   "Schneider Jr., R. P. and Bryan, R. P. and Lott, J. A. and Jones, E. D. and Olbright, G. R.",
  title =    {{MOVPE} growth of {I}n{A}l{G}a{P}-based visible vertical-cavity surface-emitting lasers},
  journal =      {Journal of Crystal Growth},
  year =     {1992},
  volume =   {124},
  number =       {1-4},
  pages =    {763-771}
}
@Article{grodzinski95,
  author =   "Grodzinski, P. and DenBaars, S. P. and Lee, H. C.",
  title =    {From Research to Manufacture - The Evolution of {MOCVD}},
  journal =      {Journal of Materials},
  year =     {1995},
  pages =    {25-32},
  month =    {December}
}
@Article{kuech96,
  author =   "Kuech, T. F. and Perkins, N. R.",
  title =    {Metalorganic Vapor Phase Epitaxy of {II}-{VI} materials for visible light emitters},
  journal =      {Journal of Crystal Growth},
  year =     {1996},
  volume =   {166},
  pages =    {558-565}
}
@Article{ferrand99,
  author =   "Ferrand, B. and Chambaz, B. and Couchaud, M.",
  title =    {Liquid phase epitaxy: {A} versatile technique for the development of miniature optical components in single crystal dielectric media},
  journal =      {Optical Materials},
  year =     {1999},
  volume =   {11},
  pages =    {101-114}
}
@Article{jones94,
  author =   "Jones, A. C.",
  title =    {Developments in metalorganic precursors for vapour phase epitaxy},
  journal =      {Journal of Crystal Growth},
  year =     {1994},
  volume =   {145},
  pages =    {505-511}
}
@Article{kuech86,
  author =   "Kuech, T. F. and Veuhoff, E. and Kuan, T. S. and Deline, V. and Potemski, R.",
  title =    {The influence of growth chemistry on the {MOVPE} growth of {G}a{A}s and {A}l$_{x}${G}a$_{1-x}${A}s layers and heterostructures},
  journal =      {Journal of Crystal Growth},
  year =     {1986},
  volume =   {77},
  pages =    {257-271}
}
@Article{jones93,
  author =   "Jones, A. C.",
  title =    {Metalorganic Precursors for Vapour Phase Epitaxy},
  journal =      {Journal of Crystal Growth},
  year =     {1993},
  volume =   {129},
  pages =    {728-773}
}
@InProceedings{kuech92,
  author =   "Kuech, T. F.",
  title =    {Recent Advances in Metal-Organic Vapor Phase Epitaxy},
  booktitle =    {Proceedings of the IEEE},
  pages =    {1609-1624},
  year =     {1992},
  volume =   {80(10)}
}
@Article{williams89,
  author =   "Williams, J. O.",
  title =    {Metal Organic Chemical Vapor Deposition ({MOCVD}) Perspectives and Prospects},
  journal =      {Advanced Materials},
  year =     {1989},
  volume =   {8},
  pages =    {282-292}
}
@Article{nakamura91,
  author =   "Nakamura, S.",
  title =    {\emph{In situ} monitoring of {G}a{N} growth using interference effects},
  journal =      {Japanese Journal of Applied Physics},
  year =     {1991},
  volume =   {30},
  number =   {8},
  pages =    {1620-1627}
}
@Article{bauschlicher99,
  author =   "Bauschlicher Jr., C. W. and Melius, C. F. and Allendorf, M. D.",
  title =    {Gallium compounds, a possible problem for the {G}2 approaches
},
  journal =      {Journal of Chemical Physics},
  year =     {1999},
  volume =   {110},
  number =   {4},
  pages =    {1879-1881}
}
@Article{breiland99,
  author =   "Breiland, W. G. and Coltrin, M. E. and Creighton, J. R. and Hou, H. Q. and Moffat, H. K. and Tsao, J. Y.",
  title =    {Organometallic Vapor phase epitaxy ({OMVPE})},
  journal =      {Materials Science \& Engineering {R}-Reports},
  year =     {1999},
  volume =   {24},
  number =   {6},
  pages =    {241-274}
}
@Article{alves97,
  author =   "Alves, J. L. A. and Leite Alves, H. W. and de Oliceira, C. and Valad\~{a}o, R. D. S. C. and Leite, J. R.",
  title =    {Zinc-blende {G}a{N}: ab initio calculations},
  journal =      {Materials Science and Engineering {B}},
  year =     {1997},
  volume =   {50},
  pages =    {57-60}
}
@InProceedings{elsner96,
  author =   "Elsner, J. and Haugk, M. and Frauenheim, T.",
  title =    {Reconstruction of Nonpolar {G}a{N} Surfaces},
  booktitle =    {Materials Research Society Symposium Proceedings},
  pages =    {421-426},
  year =     {1996},
  volume =   {423},
  organization = {Materials Research Society}
}
@Article{willis98,
  author =   "Willis, B. G. and Jensen, K. F.",
  title =    {An Evaluation of Density Functional Theory and ab Inition Predictions for bridge-bonded aluminum compounds},
  journal =      {Journal of Physical Chemistry {A}},
  year =     {1998},
  volume =   {102},
  pages =    {2613-2623}
}
@Article{fritsch99,
  author =   "Fritsch, J. and Sankey, O. F. and Schmidt, K. E. and Page, J. B.",
  title =    {Chemical reactions of ammonia with polar and non-polar nitride semiconductor surfaces},
  journal =      {Surface Science},
  year =     {1999},
  volume =   {427-428},
  pages =    {298-303}
}
@Article{chiang95,
  author =   "Chiang, C.-M. and Gates, S. M. and Bensaoula, A. and Schultz, J. A.",
  title =    {Hydrogen desorption and ammonia adsorption on polycrystalline {G}a{N} surfaces},
  journal =      {Chemical Physics Letters},
  year =     {1995},
  volume =   {246},
  pages =    {275-278}
}
@Article{lam99,
  author =   "Lam, H.-T. and Vohs, J. M.",
  title =    {Surface reactions of trimethylgallium on {MOVPE}-grown {G}a{N}(0001)},
  journal =      {Surfaace Science},
  year =     {1999},
  volume =   {426},
  pages =    {199-211}
}
@PhdThesis{peck99b,
  author =   "Peck, J. D.",
  title =    {Metalorganic Vapor Phase Epitaxy of {II}-{VI} Compound Semiconductors and Diluted Magnetic Semiconductors},
  school =   {State University of New York at Buffalo},
  year =     {1999},
  month =    {January}
}
@Article{mazzarese89,
  author =   "Mazzarese, D. and Tripathi, A. and Conner, W. C. and Jones, K. A. and Calderon, L. and Eckart, D. W.",
  title =    {In situ {FTIR} and surface analysis of the reaction of trimethylgallium and ammonia},
  journal =      {Journal of Electronic Materials},
  year =     {1989},
  volume =   {18},
  number =   {3},
  pages =    {369-377}
}
@Article{thon96,
  author =   "Thon, A. and Kuech, T. F.",
  title =    {High temperature adduct formation of trimethylgallium and ammonia},
  journal =      {Applied Physics Letters},
  year =     {1996},
  volume =   {69},
  number =   {1},
  pages =    {55-57}
}
@Article{coltrin89b,
  author =   "Coltrin, M. E. and Kee, R. J. and Evans, G. H.",
  title =    {A Mathematical Model of the Fluid Mechanics and Gas-Phase Chemistry in a Rotating Disk Chemical Vapor Deposition Reactor},
  journal =      {Journal of the Electrochemical Society},
  year =     {1989},
  volume =   {136},
  number =   {3},
  pages =    {819-829}
}
@Article{coltrin86,
  author =   "Coltrin, M. E. and Kee, R. J. and Miller, J. A.",
  title =    {A mathematical model of silicon chemical vapor deposition: {F}urther refinements and effects of thermal diffusion},
  journal =      {Journal of the Electrochemical Society},
  year =     {1986},
  volume =   {133},
  pages =    {1206-1214}
}
@Article{coltrin84,
  author =   "Coltrin, M. E. and Kee, R. J. and Miller, J. A.",
  title =    {A mathematical model of the coupled fluid mechanics and chemical kinetics in a chemical vapor deposition reactor},
  journal =      {Journal of the Electrochemical Society},
  year =     {1984},
  volume =   {131},
  pages =    {425-434}
}
@Article{evans88,
  author =   "Evans, G. H. and Greif, R.",
  title =    {Forced flow near a heated rotating disk: {A} similarity solution},
  journal =      {Numerical Heat Transfer},
  year =     {1988},
  volume =   {14},
  pages =    {373-387}
}
@Article{evans87,
  author =   "Evans, G. H. and Greif, R.",
  title =    {A numerical model of the flow and heat transfer in a rotating disk chemical vapor deposition reactor},
  journal =      {Journal of Heat Transfer},
  year =     {1987},
  volume =   {109},
  pages =    {928-935}
}
@Article{breiland91,
  author =   "Breiland, W. G. and Evans, G. H.",
  title =    {Design and verification of a nearly ideal flow and heat transfer in a rotating disk chemical vapor deposition reactor},
  journal =      {Journal of the Electrochemical Society},
  year =     {1991},
  volume =   {138},
  number =   {6},
  pages =    {1806-1816}
}
@book{jensen89,
    author =    "Jensen, K. F.",
    booktitle = {Microelectronics Processing - Chemical Engineering Aspects},
    address =   {Washington, DC},
    year =      {1989},
    publisher = {American Chemical Society},
    series =    {Advances in Chemistry Series},
    title =     {Chemical Vapor Deposition},
    volume =    {221}
}
@article{ingle96,
    author =    "Ingle, N. K. and Theodoropoulos, C. and Mountziaris, T. J. and Wexler, R. M. and Smith, F. T. J.",
    year =      "1996",
    journal =   "Journal of Crystal Growth",
    pages =     "543-556",
    title =     "Reaction kinetics and transport phenomena underlying the low-pressure metalorganic chemical vapor deposition of {GaAs}",
    volume =    "167"
}
@article{mountziaris93,
    author =    "Mountziaris, T. J. and Kalyanasundaram, S. and Ingle, N. K.",
    title =     {A reaction-transport model of {GaAs} growth by metalorganic chemical vapor deposition using trimethyl-gallium and tertiary-butyl-arsine},
    year =      {1993},
    journal =   {Journal of Crystal Growth},
    volume =    {131},
    pages =     {283-299}
}
@manual{fidap,
        author =        "FIDAP",
        title =         "FIDAP Theory Manual (version 7.0)",
        year =          {1984},
        organization =  "Fluid Dynamics International, Inc.",
        address =       "500 Davis Street, Suite 600 Evanston, IL 60201"
}
@inproceedings{ingle93,
    author =    "Ingle, N. K. and Mountziaris, T. J.",
    booktitle = "Materials Research Society Symposium Proceedings",
    address =   "Pittsburgh, PA",
    year =      "1993",
    editor =    "",
    publisher = "Materials Research Society",
    pages =     "99-104",
    title =     "Reaction and Transport Models of the {MOVPE} of
          Ternary {III-V} Semiconductors",
    volume =    "282"
}
@article{theodoropoulos95,
    author =    "Theodoropoulos, C. and Ingle, N. K. and Mountziaris, T. J. and Chen, Z. Y. and Liu, P. L. and Kioseoglou, G. and Petrou, A.",
    year =      "1995",
    journal =   "Journal of the Electrochemical Society",
    pages =     "2086-2094",
    title =     "Kinetic and transport modeling of the metallorganic chemical vapor deposition of {InP} from trimethylindium and phosphine and comparison with experiments",
    volume =    "142"
}
@Book{kou96,
  author =   "Kou, S.",
  title =    {Transport Phenomena and Materials Processing},
  publisher =    {John Wiley \& Sons, Inc.},
  year =     {1996}
}
@Book{aris62,
  author =   "Aris, R.",
  ALTeditor =    {},
  title =    {Vectors, Tensors, and the Basic Equations of Fluid Mechanics},
  publisher =    {Dover},
  year =     {1962}
}
@Article{keijser88,
  author =   "De Keijser, M. and Van Opdorp, C. and Weber, C.",
  title =    {Peculiar Asymmetric Flow Pattern in a Vertical Axisymmetric {VPE} Reactor},
  journal =      {Journal of Crystal Growth},
  year =     {1988},
  volume =   {92},
  pages =    {33-36}
}
@Article{roksnoer89,
  author =   "Roksnoer, P. J. and Van Opdorp, C. and Maes, J. W. F M. and De Keijser, M. and Weber, C.",
  title =    {The effect of the Asymmetric Vortex in Vertical {VPE} Reactors on Deposition Nonuniformity},
  journal =      {Journal of the Electrochemical Society},
  year =     {1989},
  volume =   {136},
  number =   {8},
  pages =    {2427-2431}
}
@Article{schmidt94,
  author =   "Schmidt, L. D. and Huff, M. and Bharadwaj, S. S.",
  title =    {Catalytic Partial Oxidation Reactions and Reactors},
  journal =      {Chemical Engineering Science},
  year =     {1994},
  volume =   {49},
  number =   {24A},
  pages =    {3981-3994}
}
@Article{hickman91,
  author =   "Hickman, D. A. and Schmidt, L. D.",
  title =    {Modeling catalytic gauze reactors: {A}mmonia oxidation},
  journal =      {Industrial \& Engineering Chemistry Research},
  year =     {1991},
  volume =   {30},
  pages =    {50}
}
@Book{satterfield91,
  author =   "Satterfield, C. N.",
  title =    {Heterogeneous Catalysis in Industrial Practice},
  publisher =    {McGraw-Hill},
  year =     {1991},
  address =      {New York}
}
@Article{goralski98,
  author =   "Goralski Jr., C. T. and Schmidt, L. D. and Brown, W. L.",
  title =    {Catalytic Incineration of {VOC} Containing Air Streams at Very Short Contact Times},
  journal =      {{AIC}h{E} Journal},
  year =     {1998},
  OPTvolume =    {44},
  OPTnumber =    {8},
  OPTpages =     {1880-1888}
}
@Article{hickman93,
  author =   "Hickman, D. A. and Schmidt, L. D.",
  title =    {Production of Syngas by Direct Catalytic Oxidation of Methane},
  journal =      {Science},
  year =     {1993},
  volume =   {259},
  pages =    {343-346}
}
@InProceedings{hickman93a,
  author =   "Hickman, D. A. and Schmidt, L. D.",
  title =    {Synthesis gas formation by direct oxidation of methane over monoliths},
  booktitle =    {Catal. Select. Oxid.},
  pages =    {416-426},
  year =     {1993},
  volume =   {32},
  series =   {ACS Proc.}
}
@Article{hickman93b,
  author =   "Hickman, D. A. and Haupfear, E. A. and Schmidt, L. D.",
  title =    {Syngas formation by direct oxidation of methane over {R}h monoliths},
  journal =      {Catalysis Letters},
  year =     {1993},
  volume =   {17},
  pages =    {223}
}
@Article{hickman92,
  author =   "Hickman, D. A. and Schmidt, L. D.",
  title =    {Synthesis gas formation by direct oxidation of methane over {P}t monoliths},
  journal =      {Journal of Catalysis},
  year =     {1992},
  volume =   {138},
  pages =    {267-282}
}
@Article{deutschmann98,
  author =   "Deutschmann, O. and Schmidt, L. D.",
  title =    {Partial Oxidation of Methane in a Short Contact Time Reactor: {T}wo-Dimensional Modeling with Detailed Chemistry},
  journal =      {submitted to AIChE Journal},
  year =     {1998}
}
@InProceedings{deutschmann98a,
  author =   "Deutschmann, O. and Schmidt, L. D.",
  title =    {Two-Dimensional Modeling of Partial Oxidation of Methane on Rhodium in a Short Contact Time Reactor},
  booktitle =    {Twenty-Seventh Symposium (International) on Combustion},
  year =     {1998},
  address =      {University of Colorado at Boulder},
  month =    {August 2-7th}
}
@Article{bodke99,
  author =   "Bodke, A. S. and Olschki, D. A. and Schmidt, L. D. and Ranzi, E.",
  title =    {High Selectivities to Ethylene by Partial Oxidation of Ethane},
  journal =      {Science},
  year =     {1999},
  volume =   {258},
  pages =    {712-715}
}
@Article{huff96,
  author =   "Huff, M. and Schmidt, L. D.",
  title =    {Elementary Step Model of Ethane Oxidative Dehydrogenation on Pt-Coated Monoliths},
  journal =      {AIChE Journal},
  year =     {1996},
  volume =   {42},
  number =   {12},
  pages =    {3484-3497}
}
@Unpublished{bodke99a,
  author =   "Bodke, A. S. and Schmidt, L. D.",
  title =    {Oxidative Dehydrogenation of Ethane at Millisecond Contact Times: {E}ffects of H$_{2}$ Addition},
  note =     {manuscript in preparation},
  month =    {August},
  year =     {1999}
}
@Article{huff93,
  author =   "Huff, M. and Schmidt, L. D.",
  title =    {Ethylene Formation by Oxidative Dehydrogenation of Ethane over Monoliths at Very Short Contact Times},
  journal =      {Journal of Physical Chemistry},
  year =     {1993},
  volume =   {97},
  pages =    {11815}
}
@Article{veser96,
  author =   "Veser, G. and Schmidt, L. D.",
  title =    {Ignition and Extinction in the Catalytic Oxidation of Hydrocarbons over Platinum},
  journal =      {AIChE Journal},
  year =     {1996},
  volume =   {42},
  number =   {4},
  pages =    {1077-1087}
}
@Article{hsuen91,
  author =   "Hsuen, H. K. and Sotirchos, S. V.",
  title =    {Multiplicity and Stability Phenomena in Diffusion Flames},
  journal =      {Chemical Engineering Science},
  year =     {1991},
  volume =   {46},
  number =   {12},
  pages =    {3165-3175}
}
@Article{seshadri89,
  author =   "Sheshadri, K. and Trevino, C.",
  title =    {The influence of the {L}ewis numbers of the reactants on the asymptotic structure of counterflow and stagnant diffusion flames},
  journal =      {Combustion Science and Technology},
  year =     {1989},
  volume =   {64},
  pages =    {243-261}
}
@Article{linan74,
  author =   "Li\~{n}\'{a}n, A.",
  title =    {The asymptotic structure of counterflow diffusion flames for large activation energies},
  journal =      {Acta Astronautica},
  year =     {1974},
  volume =   {1},
  pages =    {1007-1039}
}
@Article{hughes86,
  author =   "Hughes, J. R. and Franca, L. P. and Balestra, M.",
  title =    {A new finite element formulation for computational fluid dynamics: {C}icumventing the {B}abuska-{B}rezzi condition: {A} stable {P}etrov-{G}alerkin formulation of the {S}tokes problem accomodating equal order interpolation},
  journal =      {Computer Methods in Applied Mechanics and Engineering},
  year =     {1986},
  volume =   {59},
  pages =    {85-99}
}
@Article{lehoucq98,
  author =   "Lehoucq, R. B. and Salinger, A. G.",
  title =    {Massively Parallel Linear Stability Analysis with {P\_ARPACK} for {3D} fluid flow modeled with {MPS}alsa},
  journal =      {Lecture Notes in Computer Science},
  year =     {1998},
  volume =   {1541},
  pages =    {286-295}
}
@TechReport{lehoucq99,
  author =   "Lehoucq, R. B. and Salinger, A. G.",
  title =    {Large-Scale Eigenvalue Calculations for Stability Analysis of Steady Flows on Massively Parallel Computers},
  institution =  {Sandia National Laboratories},
  year =     {1999},
  address =      {Albuquerque, NM 87185},
  note =     {{S}AND99-1593}
}
@article{salinger99a,
  author =   "Salinger, A. G. and Lehoucq, R. B. and Romero, L.",
  title =    {Stability Analysis of Large-Scale Incompressible Flow Calculations on Massively Parallel Computers},
  journal =    {CFD Journal},
  volume = {9},
  number = {1},
  year =     {2001},
  pages = {529--533}
}
@Article{meerbergen94,
  author =   "Meerbergen, K. and Spence, A. and Roose, D.",
  title =    {Shift-invert and {C}ayley transforms for the detection of rightmost eigenvalues of nonsymmetric matricies},
  journal =      {BIT},
  year =     {1994},
  volume =   {34},
  pages =    {409-423}
}
@Article{lehoucq98a,
  author =   "Lehoucq, R. B. and Meergbergen, K.",
  title =    {Using generalized {C}ayley transformations within an inexact rational {K}rylov sequence method},
  journal =      {SIAM J. Matrix Analysis and Applications},
  year =     {1998},
  volume =   {20},
  number =   {1},
  pages =    {131-148}
}

@Book{greenbaum97,
  author =   "Greenbaum, A.",
  title =    {Iterative Methods for Solving Linear Systems},
  publisher =    {SIAM},
  year =     {1997},
  address =      {Philadelphia, PA}
}
@Book{saad96,
  author =   "Saad, Y.",
  title =    {Iterative Methods for Sparse Linear Systems},
  publisher =    {PWS},
  year =     {1996},
  address =      {Boston, MA}
}
@Article{arnoldi51,
  author =   "Arnoldi, W. E.",
  title =    {The Principle of Minimized Iterations in the Solution of the Matrix Eigenvalue Problem},
  journal =      {Quart. Appl. Math.},
  year =     {1951},
  volume =   {9},
  pages =    {17-29}
}
@Article{ruhe96,
  author =   "Ruhe, A.",
  title =    {Computing nonlinear eigenvalues with spectral transformation {A}rnoldi},
  journal =      {ZAMM Z. angew. Math. Mech.},
  year =     {1996},
  volume =   {76},
  number =   {S2},
  pages =    {17-20}
}
@Article{meerbergen97,
  author =   "Meerbergen, K. and Roose, D.",
  title =    {The restarted {A}rnoldi method applied to iterative linear system solvers for the computation of rightmost eigenvalues},
  journal =      {SIAM J. Matrix Analysis and Applications},
  year =     {1997},
  volume =   {18},
  number =   {1},
  pages =    {1-20}
}
@InCollection{maschhoff96,
  author =   "Maschhoff, K. J. and Sorensen, D. C.",
  title =    {{P\_ARPACK}: {A}n efficient portable large scale eigenvalue package for distributed memory parallel architectures},
  booktitle =    {Applied Parallel Computing in Industrial Problems and Optimization},
  publisher = {Springer-Verlag},
  year =     {1996},
  editor =   "Wasniewski, J. and Dongarra, J. and Madsen, K. and Oleson, D.",
  volume =   {1184},
  series =   {Lecture Notes in Computer Science},
  address =      {Berlin}
}
@Book{lehoucq98b,
  author =   "Lehoucq, R. B. and Sorensen, D. C. and Yang, C.",
  title =    {{ARPACK USERS GUIDE}: {S}olutions of Large Scale Eigenvalue Problems 
               with Implicitly Restarted Arnoldi Methods},
  publisher =    {SIAM},
  year =     {1998},
  address =      {Philadelphia, PA}
}
@Article{ravikrishna00,
  author =   "Ravikrishna, R. V. and Laurendeau, N. M.",
  title =    {Laser-induced fluorescence measurements and modeling of nitric oxide in methane-air and ethane-air counterflow diffusion flames},
  journal =      {Combustion and Flame},
  year =     {2000},
  volume =   {120},
  number =   {3},
  pages =    {372-382}
}

@Article{fotache97,
  author =   "Fotache, C. G. and Kreutz, T. G. and Law, C. K.",
  title =    {Ignition of Counterflowing Methane versus Heated Air under Reduced and Elevated Pressures},
  journal =      {Combustion and Flame},
  year =     {1997},
  volume =   {108},
  pages =    {442-470}
}
@PhdThesis{santen99,
  author =   "Van Santen, H.",
  title =    {Mixed-Convection Instabilities in Chemical Vapor Deposition Reactors},
  school =   {Delft University of Technology},
  year =     {1999},
  month =    {February}
}
@Article{santen01,
  author =   "Van Santen, H. and Kleijn, C. R. and van den Akker, H. E. A.",
  title =    {On multiple stability of mixed convection flows in a chemical vapor deposition reactor},
  journal =      {Int. J. Heat and Mass Transfer},
  year =     {2001},
  volume =   {44},
  pages =    {659-672}
}

@TechReport{sd:aztec,
  author =   "Hutchinson, S. A. and Shadid, J. N. and Tuminaro, R. S.",
  title =    {AZTEC User's Guide: Version 1.0},
  institution =  {Sandia National Laboratories},
  year =     {1995},
  note =     {{S}AND95-1559},
  address =      {Albuquerque, New Mexico 87185}
}
@Book{batchelor67,
  author =   "Batchelor, G. K.",
  title =    {Introduction to Fluid Dynamics},
  publisher =    {Cambridge University Press},
  year =     {1967}
}
@Article{sarigiannis00,
  author =       "Sarigiannis, D. and Mountziaris, T. J. and Kioseoglou, G. and Petrou, A.",
  title =        {Synthesis of Crystalline ZnSe Nanoparticles in a Counterflow Jet Reactor},
  journal =      {to be submitted Applied Physics Letters},
  year =         {2000},
  note =         {in preparation}
}
@Article{pawlowski00a,
  author =   "Pawlowski, R. P. and Sarigiannis, D. and Peck, J. D. and Gupta, V. and Mountziaris, T. J.",
  title =    {Flow Visualization in a Counterflow Jet Reactor},
  journal =      {to be submitted to AIChE Journal},
  year =     {2000},
  OPTnote =      {in preparation}
}
@TechReport{sand:loca,
  author =   "Salinger, A. G. and Romero, L. A. and Pawlowski, R. P. and Wilkes, E. D. and Burroughs, E. A.",
  title =    {{LOCA}: {A} Library of Continuation Algorithms - {T}heroy Manual and User's Guide},
  institution =  {Sandia National Laboratories},
  year =     {2001},
  note =     {{S}AND01-XXXX},
  address =      {Albuquerque, New Mexico 87185}
}
@Article{rogergan,
  author =   "Pawlowski, R. P. and Theodoropoulos, C. and Mountziaris, T. J.",
  title =    {Performance Diagrams for Stagnation Flow and Rotating Disk Reactors used for Metalorganic Vapor Phase Epitaxy},
  journal =      {Journal of Crystal Growth},
  year =     {to be submitted, June 2000}
}
@InProceedings{denbaars97,
  author =   "Den{B}aars, S. P.",
  title =    {Gallium-nitride-based materials for blue to ultraviolet optoelectronics devices},
  booktitle =    {Proceedings of the IEEE},
  pages =    {1740-1749},
  year =     {1997},
  volume =   {85(11)}
}
@Article{pawlowski00,
  author =   "Pawlowski, R. P. and Salinger, A. G. and Mountziaris, T. J.",
  title =    {On the Physics of Impinging Jets: {A} Bifurcation and Stability Analysis},
  journal =      {to be submitted to Journal of Fluid Mechanics},
  year =     {2001},
  note =     {in preparation}
} 
@Article{pellegrino00,
  author =   "Pellegrino, S. and Tarricone, L.",
  title =    {{MOVPE} growth and study of {I}n{P}-based materials: opportunities and challenges},
  journal =      {Materials Chemistry and Physics},
  year =     {2000},
  volume =   {66},
  number =   {2-3},
  pages =    {189-196},
  month =    {Oct}
}
@Book{coltrin01,
  author =   "Kee, R. J. and Coltrin, M. E. and Glarborg, P.",
  title =    {Theoretical and Practical Aspects of Chemically Reacting Flow Modeling},
  publisher =    {},
  year =     {2001},
  note =     {in preparation}
}
@BOOK{schlichting68,
  author =       "Schlichting, H.",
  title =        {Boundary-Layer Theory},
  publisher =    {McGraw-Hill},
  year =         {1968}
}
@InCollection{keller77,
  author =   "Keller, H. B.",
  title =    {Numerical Solution of Bifurcation and Nonlinear Eigenvalue Problems},
  booktitle =    {Applications of Bifurcation Theory},
  pages =    {159-384},
  publisher = {Academic Press},
  year =     {1977},
  editor =   "Rabinowitz, P. H.",
  address =      {New York}
}
@Article{shadid97,
  author =   "Shadid, J.N. and Hutchinson, S. A. and Hennigan, G. L. and Moffat, H. K. and Devine, K. D. and Salinger, A. G.",
  title =    {Efficient Parallel Computation of Unstructured
Finite Element Reacting Flow Solutions},
  journal =      {Parallel Computing},
  year =     {1997},
  volume =   {23},
  pages =    {1307-1325}
}
@Article{shadid97b,
  author =   "Shadid, J. N. and Tuminaro, R. S. and Walker, H. F.",
  title =    {An Inexact Newton Method for Fully-Coupled Solution of the Navier-Stokes Equations with Heat and Mass Transport},
  journal =      {J. Comput. Phys.},
  year =     {1997},
  volume =   {137},
  pages =    {155-185}
}
@Article{ho94,
  author =   "Ho, P. and Coltrin, M. E. and Breiland, W. G.",
  title =    {Laser-induced Fluorescence Measurements and Kinetic Analysis of {S}i Atom Formation in a Rotating Disk Chemical Vapor Deposition Reactor},
  journal =      {Journal of Physical Chemistry},
  year =     {1994},
  volume =   {98},
  pages =    {10138-10147}
}
@ARTICLE{houf93,
  author =       "Houf, W. G. and Grcar, J. F. and Breiland, W. G.",
  title =        {A Model for Low Pressure Chemical Vapor Deposition in a Hot-Wall Tubular Reactor},
  journal =      {Materials Sciance and Engineering},
  year =         {1993},
  volume =       {B17},
  pages =        {163-171}
}
@ARTICLE{pawlowski00b,
  author =       "Pawlowski, R. P. and Theodoropoulos, C. and Salinger, A. G. and Mountziaris, T. J. and Moffat, H. K. and Shadid, J. N. and Thrush, E. J.",
  title =        {Fundamental Models of the Metalorganic Vapor-Phase Epitaxy of Galluim Nitride and their use in Reactor Design},
  journal =      {Journal of Crystal Growth},
  year =         {2000},
  volume =       {221},
  pages =        {622-628}
}
@MISC{toposim,
  author =       "Walker, R. B.",
  title =        {Topo{S}im-3{D}: {A} 3{D} {F}eature-{S}cale {P}rofile {S}imulation {T}ool},
  howpublished = {{URL}:http://www.t12.lanl.gov/home/toposim/},
  year =         {2000}
} 
@BOOK{dennis83,
  author =       "Dennis, J. E. and Schnabel, R. B.",
  title =        {Numerical Methods for Unconstrained Optimization and Nonlinear Equations},
  publisher =    {Prentice-Hall},
  year =         {1983},
  series =       {Computational Mathematics}
}
@BOOK{nocedal99,
  author =       "Nocedal, J. and Wright, S. J.",
  title =        {Numerical Optimization},
  publisher =    {Springer},
  year =         {1999}
}
@BOOK{kelley95,
  author =       "Kelley, C. T.",
  title =        {Iterative Methods for Linear and Nonlinear Equations},
  publisher =    {SIAM},
  year =         {95},
  volume =       {16},
  series =       {Frontiers in Applied Mathematics}
}
@BOOK{rabinowitz70,
  author =       "Rabinowitz, P.",
  title =        {Numerical Methods for Nonlinear Algebraic Equations},
  publisher =    {Gordon and Breach Science},
  year =         {1970}
}
@TECHREPORT{eisenstat93,
  author =       "Eisenstat, S. C. and Walker, H. F.",
  title =        {Globally Convergent Inexact Newton Methods},
  institution =  {Department of Mathematics and Statistics, Utah State University},
  year =         {1993}
}
@TECHREPORT{eisenstat95,
  author =       "Eisenstat, S. C. and Walker, H. F.",
  title =        {Choosing the Forcing Terms in an Inexact Newton Method},
  institution =  {Department of Mathematics and Statistics, Utah State University},
  year =         {1995}
}
@ARTICLE{shadid97,
  author =       "Shadid, J. N. and Tuminaro, R. S. and Walker H. F.",
  title =        {An inexact Newton method for fully coupled solution of the Navier-Stokes equations with heat and mass transport},
  journal =      {Journal of Computational Physics},
  year =         {1997},
  volume =       {49},
  number =       {5},
  pages =        {155-185}
}
@ARTICLE{bank81,
  author =       "Bank, R. E. and Rose, D. J.",
  title =        {Global Approximate Newton Methods},
  journal =      {Numer. Math.},
  year =         {1981},
  volume =       {37},
  pages =        {279-295}
}
@TECHREPORT{more92a,
  author =       "Mor$\acute{\mbox{e}}$, J.J. and Thuente, D.",
  title =        {Line Search Algorithms with Guaranteed Sufficient Decrease},
  institution =  {Mathematics and Computer Science Division, Argonne National Laboratory},
  year =         {1992},
  number =       {MCS-P330-1092}
}
@ARTICLE{more92,
  author =       "Mor$\acute{\mbox{e}}$, J.J. and Thuente, D.",
  title =        {Line Search Algorithms with Guaranteed Sufficient Decrease},
  journal =      {ACM Transactions on Mathematical Software},
  year =         {1994},
  volume =       {20},
  number =       {3},
  pages =        {286-307}
}

@ARTICLE{more83,
  author =       "Mor$\acute{\mbox{e}}$, J.J. and Sorenson, D. C.",
  title =        {Computing a Trust Region Step},
  journal =      {SIAM Journal on Scientific and Statistical Computing},
  year =         {1983},
  volume =       {4},
  number =       {3},
  pages =        {553-572}
}
@BOOK{fletcher87,
  author =       "Fletcher, R.",
  title =        {Practical Methods of Optimization},
  publisher =    {John Wiley \& Sons},
  year =         {1987},
  edition =      {2nd}
}
@Article{lehoucq01,
  author =   "Lehoucq, R. B. and Salinger, A. G.",
  title =    {Large-Scale Eigenvalue Calculations for Stability Analysis of Steady Flows on Massively Parallel Computers},
  journal =  {International Journal for Numerical Methods in Fluids},
  year =     {2001},
  volume =  {36},
  pages = {309--327}
}
@Article{Burroughs01,
  author =   "Burroughs, E. A. and L. A. Romero and R. B. Lehoucq and A. G. Salinger",
  title =    {Large Scale Eigenvalue Calculations for Computing the Stability of
               Buoyancy Driven Flows},
  journal =  {Sandia Technical Report},
  volume = {SAND2001-0113},
  year =     {2001}
}
@Article{salsadakota,
  author =   "Eldred, M.S. and W.E. Hart and W.J. Bohnhoff and V.J. Romero and S.A. Hutchinson and A.G. Salinger",
  title =    {Utilizing Object-Oriented Design to Build Advanced
Optimization Strategies with Generic Implementation},
  journal =  {Proceedings of the 6th AIAA/NASA/ISSMO Symposium on
Multidisciplinary Analysis and Optimization, AIAA-96-4164-CP, Bellevue,
WA},
  year =     {1996},
  pages =    {1568-1582}
}
@ARTICLE{Biegler,
  author =       "Biegler, L.T. and J. Nocedal and C. Schmid",
  title =        {A Reduced Hessian Method for Large-Scale Constrained Optimization},
  journal =      {SIAM J. Opt.},
  year =         {1995},
  volume =       {5},
  pages =        {314}
}
@BOOK{guckenheimer83,
  author =       {Guckenheimer, J. and Holmes, P.},
  title =        {Nonlinear Oscillations, Dynamical Systems, and Bifurcations of Vector Fields},
  publisher =    {Springer-Verlag},
  year =         {1983},
  series =       {Applied Mathematical Science},
  edition =      {2}
}
@BOOK{iooss81,
  author =       {Iooss, G. and Joseph, D. D.},
  title =        {Elementary Stability and Bifurcation Theory},
  publisher =    {Springer Verlag},
  year =         {1981}
}
@BOOK{golubitsky85,
  author =       {Golubitsky, M. and Schaeffer, D.},
  title =        {Singularities and Groups in Bifurcation Theory},
  publisher =    {Springer-Verlag},
  year =         {1985}
}
@BOOK{seydel88,
  author =       {Seydel, R.},
  title =        {From Equilibrium to Chaos: Practical Bifurcation and Stability Analysis},
  publisher =    {Elsevier},
  year =         {1988}
}

@ARTICLE{tavener01,
  author =       {Cliff, K.A. and Spence, A. and Tavener S.J.},
  title =        {Numerical Bifurcation Analysis with Applications to Incompressible Flows},
  journal =      {Acta Numerica},
  year =         {2000},
  pages =        {39--131},
  month =        {}
}
@BOOK{jnsthesis,
  author =       {Shadid, J.N.},
  title =        {Experimental and Computational Study of 
  the Stability of Natural Convection Flow in an Inclined Enclosure},
  publisher =    {Ph.D. Thesis, University of Minnesota, Minneapolis, Minnesota},
  year =         {1987},
}
@ARTICLE{moore80,
  author =       {G. Moore and A. Spence},
  title =        {A Numerical Algorithm for the Tracking of Turning Points},
  journal =      {SIAM J. Numer. Anal.},
  year =         {1980},
  volume =       {17},
  number =       {4},
  pages =        {567--576},
  month =        {}
}
@ARTICLE{griewank83,
  author =       {A. Griewank and G. Reddien},
  title =        {The Calculation of Hopf Points by a Direct Method},
  journal =      {IMA J. Numerical Analysis},
  year =         {1983},
  volume =       {3},
  pages =        {295--303},
  month =        {}
}
@BOOK{jepson81,
  author =       {A.D. Jepson},
  title =        {Numerical opf Bifurcation},
  publisher =    {Ph.D. Thesis, California Institute of Technology, Paseda, California},
  year =         {1987},
}
@BOOK{govaerts00,
  author =       {W. Govaerts},
  title =        {Numerical Methods for Bifurcations of Dynamic Equilibria},
  publisher =    {SIAM. Philadelphi, PA},
  year =         {2000},
}
@article{day00,
author = "D. Day and M. Heroux",
title = "Solving Complex-valued Linear Systems via Equivalent Real Formulations",
journal = {SIAM J. Sci. Comp.},
   volume = "23",
   number = 2,
   year = {2001},
   pages = "480--498",
}

