@TechReport{henson,
  author = "V. Henson and U. Yang",
  TITLE = "{C}oarse {G}rid {S}election of {A}lgebraic {M}ultigrid", 
  institution =  "Lawrence Livermore National Laboratory",
  year =         1999,
  number =       "UCRL-MI-13089",
  address =      "Livermore, CA"
}
@InProceedings{jenkins,
  author = "E. Jenkins and R Berger and J Hallberg and S. Howington and 
                          C. T. Kelley and J. Schmidt and A. Stagg and M. Tocci",
  TITLE = "{A} {T}wo-{L}evel {A}ggregation-{B}ased {N}ewton-{K}rylov-{S}chwarz
                         {M}ethod for {H}ydrology",
  booktitle = "Parallel Computational Fluid Dynamics 1999",
  EDITOR = "D. Keyes and A. Ecer and J. Periaux and N. Satofuka",
  PUBLISHER = "North Holland", 
  PAGES = "257--264",
  YEAR = "2000"
}
@Article{Adams-00a, 
  author =   {M.~F.~Adams}, 
  title =   {Parallel Multigrid Solvers for 3D Unstructured Finite Element Problems in Large Deformation Elasticity and Plasticity}, 
  journal =   {International Journal for Numerical Methods in Engineering}, 
  year =   {2000}, 
  volume =   {48}, 
  number =   {0000-0000}, 
  note =   {To appear} 
} 
@InProceedings{supercomputing, 
  author =   {R.~Tuminaro and C.~Tong},
  title =   {Parallel Smoothed Aggregation Multigrid: Aggregation Strategies 
             on Massively Parallel Machines},
  booktitle =   {SuperComputing 2000 Proceedings}, 
  editor = {J. Donnelley},
  year =   {2000}
}
@TechReport{mlguide,
  author =   {C.~Tong and R.~Tuminaro},
  TITLE = "{ML}2.0 {S}moothed {A}ggregation {U}ser's {G}uide",
  institution =  "Sandia National Laboratories",
  number = "SAND2001-8028",
  address = "Albq, NM",
  YEAR = "2000"}
@InProceedings{Adams-98a, 
  author =   {M.~F.~Adams},
  title =   {A Parallel Maximal Independent Set Algorithm}, 
  booktitle =   {Proceedings 5th copper mountain conference on iterative methods}, 
  year =   {1998}, 
  note =   {Best student paper award winner} 
}
@TechReport{vanek4,
  author = "P.~Vanek and M.~Brezina and J.~Mandel",
  TITLE = "{C}onvergence of {A}lgebraic {M}ultigrid {B}ased on {S}moothed 
                         {A}ggregation",
  institution =  "UCD/CCM",
  number = "report 126",
  address = "Denver, CO",
  YEAR = "1998"
}
@article{vanek1,
  author = "P.~Vanek",
  TITLE = "{A}cceleration of {C}onvergence of a {T}wo {L}evel
                         {A}lgorithm by {S}mooth {T}ransfer {O}perators",
  JOURNAL = "Appl. Math.",
  VOLUME = "37",
  PAGES = "265--274",
  YEAR = "1992"
}
@article{vanek2,
  author = "P.~Vanek",
  TITLE = "{F}ast {M}ultigrid {S}olvers",
  JOURNAL = "Appl. Math.",
  VOLUME = "40",
  PAGES = "1--20",
  YEAR = "1995"
}
@article{bramble,
  author = "J.~Bramble and J.~Pasciak and J.~Wang and J.~Xu",
  TITLE = "{C}onvergence {E}stimates for {M}ultigrid {A}lgorithms
                         without {R}egularity {A}ssumptions",
  JOURNAL="Math Comp.",
  VOLUME = "57",
  NUMBER = "195",
  PAGES = "23--45",
  YEAR = "1991"
}
@article{vanek3,
  author = "P.~Vanek and J.~Mandel and M.~Brezina",
  TITLE = "{A}lgebraic {M}ultigrid {B}ased on {S}moothed {A}ggregation
                         for {S}econd and {F}ourth {O}rder {P}roblems",
  JOURNAL = "Computing",
  VOLUME = "56",
  PAGES = "179--196",
  YEAR = "1996"
}
@unpublished{adams,
  author = "M.~F.~Adams",
  TITLE  = "{E}valuation of {G}eometric and an {A}lgebraic {M}ultigrid
                          {M}ethod on {3D} {F}inite {E}lement {P}roblems in 
                          {S}olid {M}echanics",
  Note   = "Talk at the Copper
           Mountain Conference on Iterative Methods, Copper Mtn,
           Co, 4/2000"
}
@article{wathen,
  author = "D.~Silvester and A.~Wathen",
  TITLE = "{F}ast {I}terative {S}olution of {S}tablised {S}tokes 
           {S}ystems, {P}art II: Using General Block Preconditioners",
  JOURNAL = "SIAM J. Numer. Anal.",
  VOLUME = "31",
  NUMBER = "5",
  PAGES = "1352--1367",
  YEAR = "1994"}

@article{brandt.classic,
  author = "A.~Brandt",
  TITLE = "{M}ulti-level {A}daptive {S}olutions to {B}oundary-{V}alue
           {P}roblems",
  JOURNAL = "Math. Comp.",
  VOLUME = "31",
  PAGES = "333--390",
  YEAR = "1977"
}
@book{hack.book,
  author = "W.~Hackbusch",
  TITLE = "{M}ulti-grid {M}ethods and {A}pplications",
  PUBLISHER = "Springer-Verlag",
  ADDRESS = "Berlin",
  YEAR = "1985"
}
@book{hack2.book,
  author = "W.~Hackbusch",
  TITLE = "{I}terative {S}olution of {L}arge {S}parse {L}inear {S}ystems of {E}quations",
  PUBLISHER = "Springer-Verlag",
  ADDRESS = "Berlin",
  YEAR = "1994"
}
@book{wesseling,
  author = "P. Wesseling",
  TITLE = "An Introduction to Multigrid Methods",
  PUBLISHER = "Wiley",
  ADDRESS = "West Sussex",
  YEAR = "1992"
}
@TechReport{Aztec,
  author =       "R. Tuminaro and M. Heroux and S. Hutchinson and J. Shadid",
  title =        "Official {A}ztec User's Guide: Version 2.1",
  institution =  "Sandia National Laboratories",
  year =         1999,
  number =       "Sand99-8801J",
  address =      "Albuquerque NM, 87185",
  month =        "Nov"
}
@Unpublished{Trilinos-home-page,
  author = {Michael A. Heroux},
  title = "Trilinos Home Page.",
  note = "http://software.sandia.gov/trilinos"
}
@techreport{ METIS,
  author = "G. Karypis and V. Kumar",
  title = "{METIS}: Unstructured graph partitining and sparse matrix ordering sy
stem",
  institution = "University of  Minnesota, Department of Computer Science",
  year = "1998"
}
@techreport{ ParMETIS,
  author = "G.~Karypis and V.~Kumar",
  title = "{ParMETIS}: Parallel graph partitioning and sparse matrix ordering li
brary",
  institution = "Department of Computer Science, University of Minnesota",
  number = "97-060",
  year = "1997"
}

@manual{epetra-guide,
  title = "Epetra Reference Manual",
  author = "M.~A.~Heroux",
  institution = "Sandia National Laboratories",
  edition  = "2.0",
  note = "http://software.sandia.gov/trilinos/packages/epetra/doxygen/latex/EpetraReferenceManual.pdf",
  year = 2002}

@manual{Trilinos-Tutorial,
  title = "Trilinos Tutorial",
  author = "M.~Sala and M.~A.~Heroux",
  institution = "Sandia National Laboratories",
  edition  = "3.1",
  year = 2004}

@TechReport{ml-guide,
  author =       {M. Sala and J. Hu and R. Tuminaro},
  title =        {{ML} 3.1 Smoothed Aggregation User's Guide},
  institution =  {Sandia National Laboratories},
  year =         {2004},
  OPTkey =       {},
  OPTtype =      {},
  number =       {SAND-4819},
  OPTaddress =   {},
  month =        {September},
  OPTnote =      {},
  OPTannote =    {}
}

@TechReport{ifpack-guide,
  author =       {M. Sala and M. Heroux},
  title =        {Robust Algebraic Preconditioners with {IFPACK} 3.0},
  institution =  {Sandia National Laboratories},
  year =         {2005},
  OPTkey =       {},
  OPTtype =      {},
  number =       {SAND-0662},
  OPTaddress =   {},
  month =        {February},
  OPTnote =      {},
  OPTannote =    {}
}

@TechReport{amesos-guide,
  author =       {M. Sala},
  title =        {Amesos 2.0 Reference Guide},
  institution =  {Sandia National Laboratories},
  year =         {2004},
  OPTkey =       {},
  OPTtype =      {},
  number =       {SAND-4820},
  OPTaddress =   {},
  month =        {September},
  OPTnote =      {},
  OPTannote =    {}
}

