

@MISC{ref:trilinos,
  AUTHOR = "Mike A. Heroux and Teri Barth and David Day and Rob Hoekstra and Rich Lehoucq
            and Kevin Long and Roger Pawlowski and Ray Tuminaro and Alan Williams",
  TITLE = "Trilinos : object-oriented, high-performance parallel
           solver libraries for the solution of large-scale complex multi-physics
           engineering and scientific applications",
  INSTITUTION = "Sandia National Laboratory", 
  HOWPUBLISHED = {\texttt{http://software.sandia.gov/Trilinos}}
}

@BOOK(book:SC,
 author = "Van Loan, Charles F.",
 title = "Introduction to Scientific Computing",
 publisher = "Prentice Hall, Inc.",
 year = "1997"
)

@BOOK(continuous-integration,
  author = "Paul M. Duvall",
  title = "Continuous Integration: Improving Software Quality and Reducing Risk",
  publisher = "Addison-Wesley",
  year = "2007"
)

@BOOK{ref:dennis_schnabel_1996,
  AUTHOR = "J. E. Dennis and R. B. Schnabel",
  TITLE = "{Numerical Methods for Unconstrained Optimization and
    Nonlinear Equations}",
  PUBLISHER = {SIAM},
  YEAR = {1996}
}

@MISC{ref:rtop_toms,
   author = {R. A. Bartlett and B. G. van Bloeman Waanders and M. A. Heroux},
   title = {Vector Reduction/Transformation Operators for Linear
            Algebra Interfaces to Efficiently Develop Complex Abstract
            Numerical Algorithms Independently of Data Mapping},
   note = {\textit{ACM TOMS}},
   year = 2004
}

@BOOK(book:HRB,
 author = "S. Chandrasekhar",
 title = "Hydrodynamic and Hydromagnetic Stability",
 publisher = "Dover",
 year = "1981"
)
 
@Manual{ref:charon,
 title = {Charon Device Simulator},
 organization =  {Sandia National Laboratories},
 address =  {{\tt http://mpcharon.sandia.gov/}}
}

@Manual{ref:QASPR,
 title = {Qualification Alternatives to SPR},
 organization =  {Sandia National Laboratories},
 address = {{\tt https://cfwebprod.sandia.gov/cfdocs/qaspr/templates/index.cfm}}
}

