@book{MasteringCMake_fourth,
  Author = {Ken Martin and Bill Hoffman},
  Title = {Mastering CMake: A Cross-Platform Build System},
  Edition = {fourth}, 
  Publisher = {Kitware Inc},
  Year = {2007}
}
