
@ARTICLE{SW82,
  author = "A. H. Sameh and J. A. Wisniewski",
  fauthor = "Sameh, Ahmed H.; Wisniewski, John A.",
  title = "A trace minimization algorithm for the generalized eigenvalue problem",
  journal = "SIAM J. Numer. Anal.",
  year = 1982,
  volume = 19,
  number = 6,
  pages = "1243-1259",
  location = "PA",
  added = "02-11-2003",
  source = "Gallivan and others",
}

@ARTICLE{ST2000,
  author = "A. Sameh and Z. Tong",
  fauthor = "",
  title = "The trace minimization method for the symmetric generalized eigenvalue problem",
  journal = "J. Comput. Appl. Math.",
  year = 2000,
  volume = 123,
  pages = "155-175",
  location = "web",
  added = "07-11-2002",
  source = "LE2002 and Rob",
}


@ARTICLE{ABG2006-JCAM,
  author = "Absil, {\relax P.-A} and Baker, C. G. and Gallivan, K. A.",
  title= "A truncated-{CG} style method for symmetric generalized eigenvalue problems",
  journal = "J. Comput. Appl. Math.",
  fjournal = "Journal of Computational and Applied Mathematics",
  volume = 189,
  number = "1--2",
  year = 2006,
  pages = "274--285",
  date_full = "1 May 2006",
}
 
@article{DGKS,
 author = {Daniel, J. and Gragg, W.B. and Kaufman, L. and Stewart,
   G.W.},
 title = {Reorthogonalization and stable algorithms for updating the
   Gram-Schmidt QR factorization},
 journal = {Math. Comput.},
 volume = {30},
 year = {1976},
 pages = {772--795}
}

@misc{SVQB,
  author = {A. Stathapoulos and K. Wu},
  title = {A Block Orthogonalization Procedure With Constant
    Synchronization Requirements},
  year = {2000}
}

@ARTICLE{OJS90,
   author = {{Olsen}, J. and {J{\o}rgensen}, P. and {Simons}, J.},
    title = "{Passing the one-billion limit in full configuration-interaction (FCI) calculations}",
  journal = {Chemical Physics Letters},
     year = 1990,
    month = jun,
   volume = 169,
    pages = {463-472},
   adsurl = {http://adsabs.harvard.edu/abs/1990CPL...169..463O},
  adsnote = {Provided by the Smithsonian/NASA Astrophysics Data System}
}

@article{SvdV96,
  author = {G. L. G. Sleijpen and H. A. van der Vorst},
  title = {A Jacobi-Davidson iteration method for linear eigenvalue problems},
  journal = {SIAM J. Matrix Anal. Appl.}, 
  volume = {17},
  pages = {401--425}, 
  year = {1996}
}
