%%%%%%%%%%%%%%%% BIBLIOGRAPHICAL DATABASE %%%%%%%%%%%%%%%%%%%%%%%%%%%%%%%%%%

%  Journals
@string{BIT     = "BIT"}
@string{CPC     = "Computer Physics Communications"}
@string{CMAME   = "Computer Methods in Applied Mechanics and Engineering"}
@string{IJNMF   = "Int. J. Numer Methods Fluids"}
@string{IJNME   = "International Journal on Numerical Methods in Engineering"}
@string{IJES    = "International Journal for Engineering Science"}
@string{IMAJNA  = "IMA Journal of Numerical Analysis"}
@string{JIMA    = "Journal of the Institute of Mathematics
                   and Its Applications"}
@string{JCAM    = "Journal of Computational and Applied Mathematics"}
@string{JCP     = "Journal of Computational Physics"}
@string{JFM     = "Journal of Fluid Mechanics"}
@string{JSP     = "Journal of Scientific Computing"}
@string{LAA     = "Linear Algebra and Its Applications"}
@string{MC      = "Mathematics of Computation"}
@string{MMNA    = "Mathematical Modeling and Numerical Analysis"}
@string{NLAA    = "Numerical Linear Algebra with Applications"}
@string{NUMMATH = "Numerische Mathematik"}
@string{RTS     = "Recherche-Transports-S\'ecurit\'e"}
@string{SIADM   = "SIAM J. Algebraic and Discrete Methods"}
@string{SINUM   = "SIAM J. Numerical Analysis"}
@string{SICON   = "SIAM J. Control and Optimization"}
@string{SIOPT   = "SIAM J. Optimization"}
@string{SISSC   = "SIAM J. Scientific and Statistical Computing"}
@string{SISC    = "SIAM J. Scientific Computing"}
@string{SIAPM   = "SIAM J. Applied Mathematics"}
@string{SIMAX   = "SIAM J. Matrix Analysis and Applications"}
@string{SIREV   = "SIAM Review"}
@string{TOMS    = "ACM Trans. Mathematical Software"}

%  Places

@string{RAL = "Rutherford Appleton Laboratory"}
@string{ANL = "Argonne National Laboratory"}
@string{SNL = "Sandia National Laboratories"}

%  Publishers

@string{ADW     = "Addison-Wesley Publishing Company"}
@string{AP      = "Academic Press"}
@string{ESP     = "Elsevier Science Publications BV"}
@string{EYR     = "Editions Eyrolles"}
@string{KLU     = "Kluwer Academic Publishers"}
@string{MACGH   = "McGraw-Hill"}
@string{MAN     = "Manchester University Press"}
@string{MITP    = "The MIT Press"}
@string{OR      = "O'Reilly \& Associates"}
@string{PH      = "Prentice-Hall"}
@string{PPR     = "Presses Polytechniques Romandes"}
@string{SIAM    = "SIAM"}
@string{WILEY   = "J. Wiley and Sons"}

@article{arno:51,
  author =   "W. E. Arnoldi",
  title =    "The Principle of Minimized Iterations in the Solution of
                  the Matrix Eigenvalue Problem",
  journal =  "Quarterly of Applied Mathematics",
  volume =   9,
  pages =    "17--29",
  year =     1951
}

@ARTICLE{stew:01,
  AUTHOR =       {G. W. Stewart},
  TITLE =        {A {K}rylov-{S}chur Algorithm for Large Eigenproblems},
  JOURNAL =      SIMAX,
  YEAR =         {2001},
  volume =       {23},
  pages =        {601--614},
}

@BOOK{stew:01book,
  AUTHOR =       {G. W. Stewart},
  TITLE =        {Matrix Systems: Eigensystems},
  PUBLISHER =    {SIAM},
  YEAR =         {2001},
  volume =       {II},
}

@ARTICLE{knya:01,
  author =       {A. V. Knyazev},
  title =        {Toward the Optimal Preconditioned Eigensolver: Locally Optimal Block
  Preconditioned Conjugate Gradient Method},
  journal =      SISC,
  year =         {2001},
  volume =       {23},
  pages =        {517--541},
}

@article{Stathopoulos:2002:BOP,
    Author = {A. Stathopoulos and K. Wu},
    Journal = {SIAM J. Sci. Comput.},
    Pages = {2165-2182},
    Title = {A block orthogonalization procedure with constant synchronization requirements},
    Volume = {23},
    Year = {2002},
}

@article{Arbenz:2005:ACE,
    Author = {P. Arbenz and U. Hetmaniuk and R. Lehoucq and R. Tuminaro},
    Journal = {Int. J. Numer. Meth. Engng.},
    Pages = {204--236},
    Title = {A comparison of eigensolvers for large-scale {3D} modal analysis using {AMG}-preconditioned iterative methods},
    Volume = {64},
    Year = {2005},
}

@article{davi:75,
  author =   "E. R. Davidson",
  title =    "The Iterative Calculation of a Few of the Lowest
                  Eigenvalues and Corresponding Eigenvectors of Large
                  Real-Symmetric Matrices",
  journal =  JCP,
  volume =   17,
  pages =    "87-94",
  year =     1975
}

@article{slvo:96,
  author =   "G. L. G. Sleijpen and H. A. {van der Vorst}",
  title =    "A {J}acobi-{D}avidson Iteration Method for Linear
                  Eigenvalue Problems",
  journal =  SIMAX,
  volume =   17,
  number =   2,
  pages =    "401-425",
  year =     1996
}

@article{erru:80,
  author =   "T. Ericsson and Axel Ruhe",
  title =    "The Spectral Transformation Method for the Numerical
                  Solution of Large Sparse Generalized Symmetric Eigenvalue
                  Problems",
  journal =  MC,
  volume =   35,
  pages =    "1251-1268",
  year =     1980
}

@article{Hetmaniuk:2006:BSL,
    Author = {U. Hetmaniuk and R. Lehoucq},
    Journal = {J. Comput. Phys.},
    Volume = {218},
    Title = {Basis selection in {LOBPCG}},
    Year = {2006},
    pages = "324--332",
    }

@Article{Heroux:2005:OTP,
  author =       "Michael A. Heroux and Roscoe A. Bartlett and Vicki E. Howle and
                 Robert J. Hoekstra and Jonathan J. Hu and Tamara G. Kolda and
                 Richard B. Lehoucq and Kevin R. Long and Roger P. Pawlowski and
                 Eric T. Phipps and Andrew G. Salinger and Heidi K. Thornquist and
                 Ray S. Tuminaro and James M. Willenbring and Alan Williams and
                 Kendall S. Stanley",
  title =        "An Overview of the {T}rilinos Project",
  journal =      TOMS,
  volume =       "31",
  number =       "3",
  month =        sep,
  year =         "2005",
  pages =        "397--423",
}

@book{lesy:98,
  title =    "{ARPACK} Users' Guide: {S}olution of Large-Scale
                  Eigenvalue Problems with Implicitly Restarted {A}rnoldi
                  Methods",
  author =   "R. B. Lehoucq and D. C. Sorensen and C. Yang",
  publisher =    "SIAM",
  address =  "Philadelphia, PA",
  year =     1998,
}

@article{sore:92,
  author =   "D. C. Sorensen",
  title =    "Implicit Application of Polynomial Filters in a $k$-step
                  {A}rnoldi Method",
  journal =  SIMAX,
  volume =   13,
  pages =    "357-385",
  year =     1992
}

@article{lanc:50,
   author = "C. Lanczos",
   year = "1950",
   title = "An iteration method for the solution of the eigenvalue
            problem of linear differential and integral operators",
   journal = "J. Research of the National Bureau of Standards",
   volume = "45",
   number = 4,
   month = "October",
   pages = "255--282",
   note = "Research Paper 2133",
}

@INPROCEEDINGS{vors:02,
  AUTHOR =       "H. A. van der Vorst",
  TITLE =        "Computational Methods for Large Eigenvalue Problems",
  YEAR =         "2002",
  editor =       "P.G. Ciarlet and J.L. Lions",
  volume =       "VIII",
  series =       "Handbook of Numerical Analysis",
  pages =        "3---179",
  address =      "Amsterdam",
  publisher =    "North-Holland (Elsevier)",
}

@INBOOK{sore:02,
  AUTHOR =       "D.C. Sorensen",
  editor =       "Arieh Iserles",
  TITLE =        "Numerical Methods for large eigenvalue problems",
  pages =        "519--584",
  PUBLISHER =    "Cambridge University Press",
  YEAR =         "2002",
  volume =       "11",
  series =       "Acta Numerica",
}

@book{saad:92,
   author = "Y. Saad",
   year = "1992",
   title = "Numerical Methods for Large Eigenvalue Problems",
   publisher = "Halsted Press",
}

@ARTICLE{myer:95,
  AUTHOR =       {N. C. Meyers},
  TITLE =        {Traits: A new and useful template technique},
  JOURNAL =      {C++ Report},
  YEAR =         {1995},
  volume =       {7},
  pages =        {32--35},
}

@BOOK{meyers:96,
  AUTHOR =       {Scott Meyers},
  TITLE =        {More Effective C++},
  PUBLISHER =    {Addison-Wesley},
  YEAR =         {1996},
  series =       {Addison-Wesley Professional Computing Series},
}

@book{VJ02,
  author = {David Vandevoorde and Nicolai M. Josuttis},
  title = {C++ Templates},
  publisher = {Addison-Wesley Longman Publishing Co., Inc.},
  year = {2002}
}

@TECHREPORT{slepc:06,
  AUTHOR =       {V. Hern\'{a}ndez and J. Rom\'{a}n and A. Tom\'{a}s and V. Vidal},
  TITLE =        {{SLEP}c Users Manual: Scalable Library for Eigenvalue Problem Computations},
  INSTITUTION =  {Universidad Politecnica de Valencia},
  YEAR =         {2006},
  number =       {DISC-II/24/02},
  note =         {See http://www.grycap.upv.es/slepc},
}

@TECHREPORT{slepc:05,
  AUTHOR =       {V. Hern\'{a}ndez and J. Rom\'{a}n and A. Tom\'{a}s and V. Vidal},
  TITLE =        {A Survey of Software for Sparse Eigenvalue Problems},
  INSTITUTION =  {Universidad Politecnica de Valencia},
  YEAR =         {2005},
  number =       {SLEPc Technical Report STR-6},
  note =         {See http://www.grycap.upv.es/slepc},
}

@MISC{primme:06,
  author =       {A. Stathopoulos and J. R. McCombs},
  title =        {{PRIMME} home page},
  howpublished = {See http://www.cs.wm.edu/\textasciitilde andreas/software/},
  year =         {2006},
}

@MISC{Trilinos:anasazi,
  author = {Christopher G. Baker and Ulrich Hetmaniuk and Richard B Lehoucq and Heidi K. Thornquist},
  title = {Anasazi: Block Eigensolver Package},
  howpublished = {See http://software.sandia.gov/trilinos/packages/anasazi/index.html}
}

@MISC{Trilinos:Teuchos,
  author = {Michael A. Heroux and Christopher G. Baker and Roscoe A. Bartlett and Kris
    Kampschoff and Kevin R. Long and Paul M. Sexton and Heidi K. Thornquist},
  title = {Teuchos: The Trilinos Tools Library},
  howpublished = {See http://software.sandia.gov/trilinos/packages/teuchos/}
}

@MISC{Trilinos:Thyra,
  author = {Roscoe Bartlett and Paul Boggs and Todd Coffey and Michael
    Heroux and Rob Hoekstra and Victoria Howle and Kevin Long and
      Roger Pawlowski and Eric Phipps and Bill Spotz and Heidi
      Thornquist and Allan Williams},
  title = {Thyra: Interfaces for Abstract Numerical Algorithms},
  howpublished = {See http://software.sandia.gov/trilinos/packages/thyra/}
}

@MISC{Trilinos:Epetra,
  author = {Mike Heroux and Robert Hoekstra and Paul Sexton and Bill Spotz and Jim Willenbring and Alan Williams},
  title = {Epetra: Linear Algebra Services Package},
  howpublished = {See http://software.sandia.gov/trilinos/packages/epetra/}
}

@Misc{petsc-web-page,
    Author = "Satish Balay and Kris Buschelman and William D. Gropp and Dinesh Kaushik and Matthew G. Knepley and Lois Curfman McInnes and Barry F. Smith and Hong Zhang",
   Title      = "{PETSc} {W}eb page",
   Note     = "http://www.mcs.anl.gov/petsc",
   Year     = "2001"
}

@inproceedings{detlefs92garbage,
    author = "David Detlefs",
    title = "Garbage Collection and Run-time Typing as a {C}++ Library",
    booktitle = "C++ Conference",
    pages = "37-56",
    year = "1992",
    url = "citeseer.ist.psu.edu/detlefs92garbage.html"
}

@ARTICLE{muov:94,
  AUTHOR =       {D. R. Musser and A. A. Stepanov},
  TITLE =        {Algorithm-oriented Generic Libraries},
  JOURNAL =      {Software Practice and Experience},
  YEAR =         {1994},
  volume =       {24},
  number =       {7},
  pages =        {623--642},
  month =        {July},
}

@article{dgks:76,
   author = "J. Daniel and W. B. Gragg and L. Kaufman and G. W. Stewart",
   year = "1976",
   title = "Reorthogonalization and Stable Algorithms for Updating
           the {G}ram--{S}chmidt {QR} Factorization",
   journal = "Mathematics of  Computation",
   volume = "30",
   pages = "772--795",
}

@Article{Blackford:2002:USB,
  author =       "L. Susan Blackford and James Demmel and Jack Dongarra
                 and Iain Duff and Sven Hammarling and Greg Henry and
                 Michael Heroux and Linda Kaufman and Andrew Lumsdaine
                 and Antoine Petitet and Roldan Pozo and Karin Remington
                 and R. Clint Whaley",
  title =        "An updated set of {Basic Linear Algebra Subprograms
                 (BLAS)}",
  journal =      "{ACM} Transactions on Mathematical Software",
  volume =       "28",
  number =       "2",
  pages =        "135--151",
  month =        jun,
  year =         "2002",
}

@Article{Lawson:1979:BLA,
  author =       "C. L. Lawson and R. J. Hanson and D. R. Kincaid and F.
                 T. Krogh",
  title =        "{Basic Linear Algebra Subprograms} for {Fortran}
                 Usage",
  journal =      "{ACM} Transactions on Mathematical Software",
  volume =       "5",
  number =       "3",
  pages =        "308--323",
  month =        sep,
  year =         "1979",
}

@book{abbd:95,
   author = "E. Anderson and Z. Bai and C. Bischof and S. Blackford and J. Demmel and
      J. Dongarra and J. Du Croz and A. Greenbaum and
      S. Hammarling and A. McKenney and S. Ostrouchov and
      D. Sorensen",
   year = "1999",
   title = "{LAPACK} Users' Guide",
   publisher = "SIAM",
   address = "Philadelphia",
   edition = "third",
}

@techreport{Trilinos-Tutorial,
 title = "{Trilinos Tutorial}",
 author = "Marzio Sala and Michael A. Heroux and David M. Day",
 institution = "Sandia National Laboratories",
 number = "SAND2004-2189",
 year = 2004,
}