@book{NumPyGuide,
  author = "Travis Oliphant",
  title = "Guide to NumPy",
  publisher = "Trelgol Publishing",
  year = "2008"
}

@manual{SciPyRefGuide,
  title = "SciPy Reference Guide",
  author = "SciPy Community",
  howpublished = "http://docs.scipy.org/doc/scipy/scipy-ref.pdf",
  year = "2011"
}

@article{Matplotlib,
  author = "John D. Hunter",
  title = "Matplotlib: A 2D Graphics Environment",
  journal = "Computing in Science \& Engineering",
  volume = 9,
  number = 3,
  year = "2007"
}

@techreport{PETScUserRef,
  author = "Satish Balay and Jed Brown and and Kris Buschelman and Victor Eijkhout and William D. Gropp and Dinesh Kaushik and Matthew G. Knepley and Lois Curfman McInnes and Barry F. Smith and Hong Zhang",
  title = "{PETS}c Users Manual",
  number = "ANL-95/11 - Revision 3.1",
  institution = "Argonne National Laboratory",
  year = "2010"
}

@misc{SciPyConference,
  key = "SciPy",
  title = "{SciPy Conferences}",
  howpublished = "http://conference.scipy.org/"
}

@misc{SuperComputing,
  key = "SuperComputing",
  title = "{The SC Conference Series}",
  howpublished = "http://www.supercomp.org/"
}

@misc{SIAM_CSE,
  key = "SIAM Computational Science \& Engineering",
  title = "{SIAM CS\&E Conferences}",
  howpublished = "http://www.siam.org/meetings/archives.php\#CS"
}

@misc{MATLAB,
  key = "MATLAB",
  title = "MATLAB - The Language of Technical Computing",
  howpublished = "http://www.mathworks.com/products/matlab/"
}

@article{PyTrilinos,
  author = "M. Sala and W. Spotz and M. Heroux",
  title = "{PyTrilinos}: High-Performance Distributed-Memory Solvers for {Python}",
  journal = "ACM Transactions on Mathematical Software (TOMS)",
  year = "2008",
  month = "March",
  volume = 34,
  issue = 2
}

@article{SWIG_CXX_Python,
  author = "T. L. Cottom",
  title = "Using {SWIG} to bind {C++} to {Python}",
  journal = "Computing in Science \& Engineering",
  volume = 5,
  number = 2,
  year = 2003
}

@techreport{Babel,
  author = "Andrew Cleary and Scott Kohn and Steven G. Smith and Brent Smolinski",
  title = "Language Interoperability Mechanisms for High-Performance Scientific Applications, presented at {SIAM Workshop on Object-Oriented Methods for Inter-operable Scientific and Engineering Computing}",
  address = "Yorktown Heights, NY",
  date = "October 21-23",
  year = "1998",
  institution = "Lawrence Livermore National Laboratory",
  number = "UCRL-JC-131823"
}

@inproceedings{Cython,
  author = "Dag Sverre Seljebotn",
  title = "Fast numerical computations with Cython",
  booktitle = "Proceedings of the 8th Python in Science Conference",
  pages = "15--22",
  address = "Pasadena, CA",
  year = "2009",
  editor = {Ga\"el Varoquaux and St\'efan van der Walt and Jarrod Millman},
  howpublished = "http://conference.scipy.org/proceedings/SciPy2009/paper_2",
}

@misc{BoostPython,
  key = "Boost Python",
  title = "{Boost.Python}",
  howpublished = "http://www.boost.org/doc/libs/1\_46\_1/libs/python/doc/"
}

@article{Anasazi,
  author = "C. G. Baker and U. L. Hetmaniuk and R. B. Lehoucq and H. K. Thornquist",
  title = "Anasazi software for the numerical solution of large-scale eigenvalue problems",
  journal = "ACM Transactions on Mathematical Software (TOMS)",
  volume = 36,
  number = 3,
  month = "July",
  year = "2009"
}

@misc{Doxygen,
  key = "Doxygen",
  title = "{Doxygen}",
  howpublished = "http://www.stack.nl/~dimitri/doxygen/"
}

