\bibdata

@MANUAL{ref:hsl_1995,
  AUTHOR = "{AEA Technology}",
  TITLE = "{Harwell Subroutine Library: Release 12}",
  ORGANIZATION = {Harwell Laboratory},
  ADDRESS = {Oxfordshire, England},
  YEAR = {1995}
}
@INPROCEEDINGS{ref:albuquerque_et_al_1997,
  AUTHOR = "{Albuquerque, J., V. Gopal, G. Staus, L.T. Biegler, and B.E. Ydstie}",
  TITLE = "{Interior Point SQP Strategies for Structured Process Optimization Problems}",
  BOOKTITLE = {Process Systems Engineering},
  YEAR = {1997}
}
@TECHREPORT{ref:ascend_iv_1996,
  AUTHOR = "{Allan, B.A., V. Rico-Ramirez, M. Thomas, and J.Tyner}",
  TITLE = "{ASCEND IV: A Portable Mathematical Modeling Environment}",
  INSTITUTION = {ICSE, Carnegie Mellon University},
  MONTH = {October},
  YEAR = {1996}
}
@MISC{ref:arnholm_1997,
  AUTHOR = "{Arnholm, C.A.}",
  TITLE = "{Mixed Language Programming using C++ and Fortran 77}",
  HOWPUBLISHED = {http://home.sol.no/\~{}arnholm},
  YEAR = {1997}
}
@BOOK{ref:anderson_1995,
  AUTHOR = "{Anderson, E., et. al.}",
  TITLE = "{LAPACK User's Guide}",
  PUBLISHER ={SIAM},
  YEAR = {1995}
}
@MISC{ref:petsc,
  AUTHOR = "{Balay, S., W.D. Gropp, L.C. McInnes, B.F. Smith}",
  TITLE = "{PETSc 2.0}",
  HOWPUBLISHED = {http://www.mcs.anl.gov/petsc}
}
@BOOK{ref:barton_and_nackman_1994,
  AUTHOR = "{Barton, J., and L. Nackman}",
  TITLE = "{Scientific and Engineering C++}",
  PUBLISHER = {Addison-Wesley},
  ADDRESS = {Reading, MA},
  YEAR = {1994}
}
@ARTICLE{ref:betts_socs_1994,
  AUTHOR = "{Betts J.T. and P.D. Frank}",
  TITLE = "{A Sparse Nonlinear Optimization Algorithm}",
  JOURNAL = {J. Opt. Theory Appl.},
  VOLUME = {82},
  NUMBER = {3},
  PAGES = {519-541},
  YEAR = {1994}
}
@ARTICLE{ref:biegler_cuthrell_1984,
  AUTHOR = "{Biegler, L.T., J.E. Cuthrell}",
  TITLE = "{Improved Infeasible Path Optimization for Sequential
    Modular Simulators--II: The Optimization Algorithm}",
  JOURNAL = {Comp. Chem. Eng.},
  VOLUME = {9},
  NUMBER = {3},
  PAGES = {257-267},
  YEAR = {1984}
}
@ARTICLE{ref:biegler_et_al_1995,
  AUTHOR = "{Biegler, L.T., J. Nocedal, and C. Schmid}" ,
  TITLE = "{A Reduced Hessian Method for Large-Scale Constrained Optimization}",
  JOURNAL = {SIAM J. Opt.},
  VOLUME = {5},
  PAGES = {314},
  YEAR = {1995}
}
@TECHREPORT{ref:biegler_et_al_2001,
  AUTHOR = "{Biegler, L.T., A. Cervantes and A. W\"{a}chter}",
  TITLE = "{Advances in Simultaineous Strategies for Dynamic Optimization}",
  NUMBER = {CAPD Technical Report B-01-01},
  INSTITUTION = {Department of Chemical Engineering, Carniege Mellon University},
  YEAR = {2001}
}
@ARTICLE{ref:biros_1999,
  AUTHOR = "{Biros, G.}",
  TITLE = "{Parallel Newton-Krylov Algorithms for PDE-Constrained Optimization}",
  JOURNAL = {the SCXY Conference Series},
  MONTH = {November},
  YEAR = {1999}
}
@BOOK{ref:blackford_et_al_1997,
  AUTHOR = "{Blackford, L.S., J. Choi, A. Cleary, E.D. 'Azevedo, J. Demmel,
    I. Dhilon, J. Dongarra, S. Hammarling, G. Henry, A. Petitet, K. Stanley,
    D. Walder, and R.C. Whaley}",
  TITLE = "{ScalLAPACK User's Guide}",
  PUBLISHER = {SIAM},
  ADDRESS = {Philadelphia, PA},
  YEAR = {1997}
}
@ARTICLE{ref:bloss_et_all_ks_1999,
  AUTHOR = "{Bloss, K.F., L.T. Biegler, and W.E. Schiesser}",
  TITLE = "{Dynamic Process Optimization through Adjoint Formulations and
    Constraint Aggregation}",
  JOURNAL = {Ind. Eng. Chem. Res.},
  VOLUME = {38},
  PAGES = {421-432},
  YEAR = {1999}
}
@TECHREPORT{ref:bock_nmpc,
  AUTHOR = "{Bock, H.G., M.M. Diehl, D.B. Leinweber, and J.P. Schl\"{o}der}",
  TITLE = "{A Direct Multiple Shooting Method for Real-Time Optimization of
    Nonlinear DAE Processes}",
  INSTITUTION = {IWR, University Heidelberg},
}
@ARTICLE{ref:boggs_tolle_1996,
  AUTHOR = "{Boggs, P. and J. Tolle}",
  TITLE = "{Successive Quadratic Programming}",
  JOURNAL = {Acta Numerica},
  YEAR = {1996}
}
@ARTICLE{ref:cute_1995,
  AUTHOR = "{Bongartz, I., A.R. Conn, N.I.M. Gould, and P.L. Toint}",
  TITLE = "{CUTE: Constrained and Unconstrained Testing Environment}",
  JOURNAL = {ACM Transactions on Mathematical Software},
  VOLUME = {21},
  NUMBER = {1},
  PAGES = {123-160},
  YEAR = {1995}
}
@BOOK{ref:booch_et_al_1999,
  AUTHOR = "{Booch, G., J. Rumbaugh, and I. Jacobson}",
  TITLE = "{The Unified Modeling Language User Guide}",
  PUBLISHER = {Addison-Wesley},
  YEAR = {1999}
}
@MANUAL{ref:brooke_gams_1997,
  AUTHOR = "{Brooke et. al.}",
  TITLE = "{GAMS Release 2.25, Version 92 Language Guide}",
  ORGANIZATION = {GAMS Development Corperation},
  ADDRESS = {Washington, DC},
  YEAR = {1997}
}
@ARTICLE{ref:byrd_et_all_lbfgs_1994,
  AUTHOR = "{Byrd, R. H., J. Nocedal, and R.B. Schnabel}",
  TITLE = "{Representations of quasi-Newton Matrices and their use in
    Limited Methods}",
  JOURNAL = {Math. Prog.},
  VOLUME = {63},
  PAGES = {129-156},
  YEAR = {1994}
}
@ARTICLE{ref:byrd_et_all_knitro_2000,
  AUTHOR = "{Byrd, R. H., M.E. Hribar, and J. Nocedal}",
  TITLE = "{An Interior Point Algorithm for Large Scale Nonlinear Programming}",
  JOURNAL = {SIAM J. of Opt.},
  VOLUME = {9},
  NUMBER = {4},
  PAGES = {877-900},
  YEAR = {2000}
}
@ARTICLE{ref:carlson_1986,
  AUTHOR = "{Carlson D.}",
  TITLE = "{What are Schur Complements, Anyway?}",
  JOURNAL = {Lin. Alg. Appl.},
  VOLUME = {74},
  PAGES = {257-275},
  YEAR = {1986},
}
@ARTICLE{ref:cervantes_1998,
  AUTHOR = "{Cervantes A.M. and L.T. Biegler}",
  TITLE = "{Large-Scale DAE Optimization using a Simultaneous NLP Formulation}",
  JOURNAL = {AIChE Journal},
  VOLUME = {44},
  PAGES = {1038},
  YEAR = {1998}
}
@ARTICLE{ref:cervantes_et_al_2000,
  AUTHOR = "{Cervantes, A.M., A. W\"{a}chter, R.H. T\"{u}t\"{u}nc\"{u}, L.T. Biegler}",
  TITLE = "{A Reduced Space Interior Point Strategy for Optimization of Differential
    Algebraic Systems}",
  JOURNAL = {To appear in Comp. Chem. Eng.},
  YEAR = {2000}
}
@TECHREPORT{ref:isispp,
  AUTHOR = "{Clay, R.L., B.A. Allan, L.D. Mish, A.B. Williams}",
  TITLE = "{ISIS++ Reference Guide (Iterative Scalable Implicit Solver in C++)
    Version 1.1}",
  INSTITUTION = {Sandia National Laboratories},
  NUMBER = {SAND99-8231},
  YEAR = {1999}
}
@ARTICLE{ref:lancelot_1991,
  AUTHOR = "{Conn A.R., N.I.M. Could and P.L. Toint}",
  TITLE = "{A Globally Convergent Augmented Lagrangian Algorithm for Optimization
    with General Constraints and Simple Bounds}",
  JOURNAL = {SIAM J. Numer. Anal.},
  VOLUME = {28},
  NUMBER = {2},
  PAGERS = {545-572},
  YEAR = {1991}
}
@BOOK{ref:demmel_1997,
  AUTHOR = "{Demmel, J.}",
  TITLE = "{Applied Numerical Linear Algebra}",
  PUBLISHER = {SIAM},
  YEAR = {1997}
}
@MISC{ref:demmel_1999,
  AUTHOR = "{Demmel, J.W., J.R. Gilbert, S.L. Xioye}",
  TITLE = "{SuperLU User's Guide}",
  HOWPUBLISHED = {http://www.nersc.gov/\~{}xiaoye/SuperLU},
  YEAR = {1999}
}
@BOOK{ref:dennis_schnabel_1996,
  AUTHOR = "{Dennis, J.E., R.B. Schnabel}",
  TITLE = "{Numerical Methods for Unconstrained Optimization and
    Nonlinear Equations}",
  PUBLISHER = {SIAM},
  YEAR = {1996}
}
@TECHREPORT{ref:dennis_heinkenschloss_trice_1996,
  AUTHOR = "{Dennis, J.E., M. Heinkenschloss}",
  TITLE = "{Trust-Region Interior-Point SQP Algorithms for a Class of
    Nonlienar Programming Problems}",
  INSTITUTION = {Department of Computational and Applied Mathematics, Rice University},
  NUMBER = {TR94-45},  
  YEAR = {1996}
}
@ARTICLE{ref:downs_vodel_1993,
  AUTHOR = "{Downs, J.J., and E.F. Vogel}",
  TITLE = "{A Plant-Wide Industrial Process Control Problem}",
  JOURNAL = {Comp. Chem. Eng.},
  VOLUME = {17},
  NUMBER = {3},
  YEAR = {1993}
}
@ARTICLE{ref:drud_1994,
  AUTHOR = "{Drud, A.S.}",
  TITLE = "{CONOPT: A Large-Scale GRG Code}",
  JOURNAL = {ORSA J. on Computing},
  VOLUME = {6},
  NUMBER = {2},
  PAGES = {207-218},
  YEAR = {1994}
}
@MISC{ref:eldred_dakota_2001,
  AUTHOR = "{Eldred, M.S.}",
  TITLE = "{DAKOTA: Design Analysis Kit for OpTimizAtion}",
  HOWPUBLISHED = {\texttt{http://endo.sandia.gov/DAKOTA/software.html}},
  YEAR = {2001}
}
@BOOK{ref:fletcher_1981,
  AUTHOR = "{Fletcher, R.}",
  TITLE = "{Practical Methods of Optimization}",
  PUBLISHER = {John Wiley \& Sons},
  YEAR = {1981}
}
@TECHREPORT{ref:fletcher_filter_1997,
  AUTHOR = "{Fletcher, R. and S. Leyffer}",
  TITLE = "{Nonliner Programming without a Penalty Function}",
  INSTITUTION = {Department of Mathematics, University of Dundee},
  ADDRESS = {Dundee, Schotland},
  NUMBER = {NA/171},
  YEAR = {1997}
}
@BOOK{ref:ampl_1993,
  AUTHOR = "{Fourer, R., D.M. Gay, and B.W. Kernighan}",
  TITLE = "{AMPL: A Modeling Language for Mathematical Porogramming}",
  PUBLISHER = {Scientific Press},
  YEAR = {1993}
}
@MANUAL{ref:frank_hqp_1995,
  AUTHOR = "{Franke, R.}",
  TITLE = "{HQP - a Solver for Sparse Nonlinear Optimization, Version 0.91}",
  ORGANIZATION = {Dept. of Automation and Systems Engineering Technical
    University of Ilmenau Germany},
  YEAR = {1995}
}
@BOOK{ref:gama_et_al_1995,
  AUTHOR = "{Gamma, E. et. al.}",
  TITLE = "{Design Patterns: Elements fo Reusable Object-Oriented Software}",
  PUBLISHER = {Addison-Wesley},
  YEAR = {1995}
}
@BOOK{ref:pvm,
  AUTHOR = "{Geist, A., A. Beguelim, J. Dongarra, W. Jiang, R. Manchek, V. Sunderam}",
  TITLE = "{PVM: Parallel Virtual Machine, A User's Guide and Tutorial for Networked
    Parallel Computing}",
  PUBLISHER = {MPI Press},
  YEAR = {1994}
}
@MISC{ref:ooqp_2001,
  AUTHOR = "{Gertz, M., and S. Wright}",
  TITLE = "{OOQP: Object-Oriented Software for Convex Quadratic Programming}",
  HOWPUBLISHED = {\texttt{http://www-unix.mcs.anl.gov/\~{}wright/ooqp}},
  YEAR = {2001}
}
@MANUAL{ref:gill_et_al_1983,
  AUTHOR = "{Gill, P., W. Murry, M. Saunders, and M. Wright}",
  TITLE = "{User's Guide for SOL/QPSOL: A Fortran Package for Quadratic Programming}",
  ORGANIZATION = {Systems Optimization Laboratory, Department of Operations Research,
    Stanford University},
  NUMBER = {SOL 83-7},
  YEAR = {1983}
}
@TECHREPORT{ref:gill_et_al_1987,
  AUTHOR = "{Gill, P.E., M.A. Saunders and M.H. Wright}",
  TITLE = "{A Schur-Complement Method for Sparse Quadratic Programming}",
  INSTITUTION = {Department of Operations Research, Stanford},
  NUMBER = {SOL 87-12},
  YEAR = {1987}
} 
@MANUAL{ref:gill_et_al_1995,
  AUTHOR = "{Gill, P., W. Murry and M. Saunders}",
  TITLE = "{User's Guide for QPOPT 1.0: A Fortran Package for Quadratic Programming}",
  ORGANIZATION = {Systems Optimization Laboratory, Department of Operations Research,
    Stanford University},
  YEAR = {1995}
}
@MANUAL{ref:gill_et_al_1999,
  AUTHOR = "{Gill, P., W. Murry and M. Saunders}",
  TITLE = "{User's Guide for SQOPT 5.3: A Fortran Package for Large-Scale
    Linear and Quadratic Programming}",
  ORGANIZATION = {Systems Optimization Laboratory, Department of Operations Research,
    Stanford University},
  YEAR = {1999}
}
@TECHREPORT{ref:gill_et_all_1996,
  AUTHOR = "{Gill, P.E., W. Murry and M.A. Saunders}",
  TITLE = "{SNOPT: An SQP Algorithm for Large-Scale Constrained Optimization}",
  INSTITUTION = {Systems Optimization Laboratory, Department of Operations Research,
    Stanford University},
  NUMBER = {Report SOL 96-0},
  YEAR = {1996}
}
@MISC{ref:hcl,
  AUTHOR = "{Gockenbach, M.S., and W.W. Symes}",
  TITLE = "{The Hilbert Class Library}",
  HOWPUBLISHED = {http://www.trip.caam.rice.edu/txt/hcldoc/html/index.html}
}
@ARTICLE{ref:goldfarb_idnani_1983,
  AUTHOR = "{Goldfarb, D and A. Idnani}",
  TITLE = "{A Numerically Stable Dual Method for Solving Strictly
    Convex Quadratic Programs}",
  JOURNAL = {Mathematical Programming},
  VOLUME = {27},
  PAGES = {1-33},
  YEAR = {1983}
}
@BOOK{ref:golub_van_loan_1996,
  AUTHOR = "{Golub, Gene H. and Charles F. Van Loan}",
  TITLE = "{Matrix Computations : Third Edition}",
  PUBLISHER = {Johns Hopkins University Press},
  YEAR = {1996}
}
@MANUAL{ref:adolc_1996,
  AUTHOR = "{Griewank, A., D. Juedes, J. Uike}",
  TITLE = "{ADOL-C: A Package for the Automatic Differentiation of Algorithms
    Written in C/C++}",
  ORGANIZATION = {Institut f\"{u}r Wissenschaftliches Rechnen, Technical Univeristy
    Dresden},
  YEAR = {1996}
}
@TECHREPORT{ref:aztec,
  AUTHOR = "{Hutchinson, S.A., L.V. Prevost, J.N. Shadid, C. Tong, R.S. Tuminaro}",
  TITLE = "{Aztec User's Guide: Version 2.0}",
  NUMBER = {ANL-95/11--Revision 2.0.22},
  INSTITUTION = {Sandia National Laboratories},
  YEAR = {1998}
}
@MISC{ref:intel_mkl,
  AUTHOR = "{Intel Corporation}",
  TITLE = "{Math Kernal Library}",
  HOWPUBLISHED
    = {http://support.intel.com/support/performancetools/libraries/mkl/index.htm},
  YEAR = {2001}
}
@MISC{ref:mpc++,
  AUTHOR = "{Tshikawa et. Al.}",
  TITLE = "{Massively Parallel C++}",
  HOWPUBLISHED = {http://pdswww.rwcp.or.jp/mpc++},
  YEAR = {1996}
}
@MISC{ref:lumsdaine_and_siek_1998,
  AUTHOR = "{Lumsdanie, A. and J. Siek}",
  TITLE = "{The Matrix Template Library}",
  HOWPUBLISHED = {http://www.lsc.nd.edu/research/mtl/},
  YEAR = {1998}
}
@MISC{ref:matlab,
  AUTHOR = "{Mathworks}",
  TITLE = "{Matlab$^\copyright$: The Language of Technical Computing}",
  HOWPUBLISHED = {http://www.mathworks.com}
}
@BOOK{ref:meyers_1996,
  AUTHOR = "{Meyers, S.}",
  TITLE = {More Effective C++},
  PUBLISHER = {Addison-Wesley},
  YEAR = {1996}
}
@MANUAL{ref:mpi,
  AUTHOR = "{MPI Fourum, the}",
  TITLE = "{MPI: A Message Passing Interface Standard}",
  ORGANIZATION = {University of Tennessee},
  NOTE = {http://www.mpi-fourum.org/docs/docs.html},
  YEAR = {1995}
}
@MISC{ref:com,
  AUTHOR = "{Micosoft Corporation}",
  TITLE = "{COM: Component Object Model}",
  HOWPUBLISHED = {http://www.microsoft.com/com}
}
@TECHREPORT{ref:murtagh_minos_1995,
  AUTHOR = "{Murtagh, B.A. and M.A. Saunders}",
  TITLE = "{MINOS 5.4 User's Guide}",
  INSTITUTION = {Department of Operations Research, Stanford University},
  NUMBER = {Report SOL 83-20R},
  YEAR = {1995}
}
@BOOK{ref:nash_sofer_1996,
  AUTHOR = "{Nash, S. and A. Sofer}",
  TITLE = "{Linear and Nonlinear Programming}",
  PUBLISHER = {McGraw Hill},
  YEAR = {1996}
}
@BOOK{ref:java_cmpt_ref_1999,
  AUTHOR = "{Naughton, P., S. Serbert}",
  TITLE = "{Java 2 : the Complete Reference}",
  PUBLISHER = {Osborne},
  YEAR = {1999}
}
@MISC{ref:smalltalk,
  AUTHOR = "{Kay, A.}",
  TITLE = "{Smalltalk$^\copyright$: The Pure Object Environment and Programming Language}",
  HOWPUBLIHSED = {http://www.smalltalk.org}
}
@ARTICLE{ref:nocedal_overton_1985,
  AUTHOR = "{Nocedal, J. and M. Overton}",
  TITLE = "{Projected Hessian Updating Algorithms for Nonlinear Constrained Optimization}",
  JOURNAL = {SIAM J. Numer. Anal.},
  ADDRESS = {Philadelphia},
  VOLUME = {22},
  PAGES = {821},
  YEAR = {1985}
}
@BOOK{ref:nocedal_wright_1999,
  AUTHOR = "{Nocedal, J. and Stephen Wright}",
  TITLE = "{Numerical Optimization}",
  PUBLISHER = {Springer},
  ADDRESS = {New York},
  YEAR = {1999}
}
@MISC{ref:parker_1997,
  AUTHOR = "{Parker, B.}",
  TITLE = "{Template Composite Operators}",
  HOWPUBLISHED = {http://www.gil.com.au/bparker},
  YEAR = {1997}
}
@MISC{ref:portland_group_hpf,
  AUTHOR = "{Portland Group, the}",
  TITLE = "{Portland Group High Performance Fortran}",
  HOWPUBLISHED = {http://www.pgroup.com},
  YEAR = {2001}
}
@TECHREPORT{ref:powell_zqpcvx_1983,
  AUTHOR = "{Powell, M.}",
  TITLE = "{ZQPCVX A Fotrans Subroutine for Convex Quadratic Programming}",
  INSTITUTION = {Department of Applied Mathematics and Theoretical Physics},
  YEAR = {1983}
}
@MANUAL{ref:pozo_1996,
  AUTHOR = "{Pozo, R.}",
  TITLE = "{LAPACK++ v 1.1: High Performance Linear Algebra User's Guide}",
  ORGANIZATION = {NIST},
  YEAR = {1996}
}
@MISC{ref:tnt,
  AUTHOR = "{Pozo, R.}",
  TITLE = "{TNT: Template Numerical Toolkit}",
  HOWPUBLISHED = {\texttt{http://math.nist.gov/tnt}}
}
@ARTICLE{ref:ricker_lee_1995,
  AUTHOR = "{Ricker, N.L., and J.H. Lee}",
  TITLE = "{Nonlinear Modeling and State Estimation fo the Tennessee Eastman
    Challenge Problem}",
  JOURNAL = {Comp. Chem. Eng.},
  VOLUME = {19},
  YEAR = {1995}
}
@INPROCEEDINGS{ref:riesen_et_al_1999,
  AUTHOR = "{Riesen, R. et al}",
  TITLE = "{Cplant}",
  BOOKTITLE = {Proceedings of the Second Extreme Linux workshop},
  YEAR = {1999}
}
@MISC{ref:roberts_et_al_1996,
  AUTHOR = "{Roberts, S., et. al.}",
  TITLE = "{Meschach++: Matrix Computations in C++}",
  HOWPUBLISHED = {http://www.netlib.org/c/meschach/},
  YEAR = {1996}
}
@TECHREPORT{ref:math++_1996,
  AUTHOR = "{Roque Wave Software}",
  TITLE = "{Math++: Object-Oriented Library for Numeric Computation}",
  INSTITUTION = {Roque Wave Software, Inc.},
  NUMBER = {96-03},
  YEAR = {1996}
}
@BOOK{ref:rumbaugh_1991,
  AUTHOR = "{Rumbaugh, J. et. al.}",
  TITLE = "{Object-Oriented Modeling and Design}",
  PUBLISHER = {Prentice Hall},
  ADDRESS = {Englewood Cliffs, New Jersey},
  YEAR = {1991}
}
@MISC{ref:esi_2001,
  AUTHOR = "{Sandia National Labs}",
  TITLE = "{ESI: Equation Solver Interface}",
  HOWPUBLISHED = {\texttt{http://z.ca.sandia.gove/esi}},
  YEAR = {2001}
}
@MISC{ref:pde_workshop_2001,
  AUTHOR = "{Sandia National Labs}",
  TITLE = "{First Dandia Workshop on PDE-Constrained Optimization}",
  HOWPUBLISHED = {\texttt{http://www.cs.cmu.edu/~oghattas/pdeopt}},
  YEAR = {2001}
}
@PHDTHESIS{ref:schmid_rsqp_1994,
  AUTHOR = "{Schmid, C. and L.T. Biegler}",
  TITLE = "{Reduced Hessian Successive Quadratic Programming for Large-Scale
    Process Optimization}",
  SCHOOL = {Department of Chemical Engineering, Carnegie Mellon University},
  ADDRESS = {Pittsburgh, PA},
  YEAR = {1994}
}
@ARTICLE{ref:schmid_accel_1993,
  AUTHOR = "{Schmid, C. and L.T. Biegler}",
  TITLE = "{Acceleratiion of Reduced Hessian Methods for Large-Scale Nonlinear Programming}",
  JOURNAL = {Comp. Chem. Eng.},
  VOLUME = {17},
  PAGES = {451},
  YEAR = {1993}
}
@ARTICLE{ref:schmid_tailored_1994,
  AUTHOR = "{Schmid, C. and L.T. Biegler}",
  TITLE = "{A Simultaneous Approach for Flowsheet Optimization with
    Existing Modeling Procedures}",
  JOURNAL = {Trans IChemeE},
  VOLUME = {72},
  PAGES = {382-388},
  YEAR = {1994}
}
@ARTICLE{ref:schmid_qpkwik_1994,
  AUTHOR = "{Schmid, C. and L.T. Biegler}",
  TITLE = "{Quadratic Programming Methods for Reduced Hessian SQP}",
  JOURNAL = {Comp. Chem. Eng.},
  VOLUME = {18},
  PAGES = {817},
  YEAR = {1994}
}
@INPROCEEDINGS{ref:scockaert_mpc_1997,
  AUTHOR = "{Scockaert, P., J. Rowlings}",
  TITLE = "{Optimization Problems in Model Predictive Control}",
  BOOKTITLE = {IMA Workshop on Large-Scale Optimization},
  YEAR = {1997}
}
@MISC{ref:scott_symes_svl_2001,
  AUTHOR = "{Scott, S.D., and W.W. Symes}",
  TITLE = "{Design of Vector Classes: A Counterproposal to Roscoe Bartlett's
    Proposed Standard (Working Draft)}",
  HOWPUBLISHED = {\texttt{http:/www.trip.caam.rice.edu/txt/svl}},
  YEAR = {2001}
}
@TECHREPORT{ref:sorensen_1977,
  AUTHOR = "{Sorensen, D.C.}",
  TITLE = "{Updating the Symmetric Indefinite Factorization with Applications
    in a Modified Newton Method}",
  INSTITUTION = {Argonne National Laboratory},
  NUMBER = {ANL-77-49},
  YEAR = {1977}
}
@BOOK{ref:standish_1994,
  AUTHOR = "{Standish, T.A.}",
  TITLE = "{Data Structures, Algorithms \& Software Principles in C}",
  PUBLISHER = {Addison-Wesley},
  YEAR = {1994}
}
@BOOK{ref:stroustrup_1997,
  AUTHOR = "{Stroustrup, B.}",
  TITLE = "{The C++ Programming Language, 3rd edition}",
  PUBLISHER = {Addison-Wesley},
  ADDRESS = {New York},
  YEAR = {1997}
}
@Misc{ref:java_web,
  AUTHOR = "{Sun Microsystems}",
  TITLE = {Java: The Pure Object Oriented Language for the Web},
  HOWPUBLISHED = {\texttt{http://java.sun.com}}
}
@PHDTHESIS{ref:ternet_rsqp_1998,
  AUTHOR = "{Ternet, D. and L.T. Biegler}",
  TITLE = "{New Approaches to a Reduced Hessian Successive Quadratic Programming Method
    for Large-Scale Process Optimization}",
  SCHOOL = {Department of Chemical Engineering, Carnegie Mellon University},
  ADDRESS = {Pittsburgh, PA},
  YEAR = {1998}
}
@ARTICLE{ref:tjoa_1992,
  AUTHOR = "{Tjoa, I.B. and L.T. Biegler}",
  TITLE = "{A Reduced Successive Quadratic Programming Strategy for
    Errors-in-Variables Estimation}",
  JOURNAL = {Comp. Chem. Eng.},
  VOLUME = {16},
  PAGES = {523},
  YEAR = {1992}
}
@TECHREPORT{ref:vanderbei_loqo_1994,
  AUTHOR = "{Vanderbi, R.J. }",
  TITLE = "{An Interior Point code for Quadratic Programming}",
  INSTITUTION = {Princeton Univeristy},
  NUMBER = {SOR 94-15},
  YEAR = {1994}
}
@ARTICLE{ref:vanderbei_loqo_1999,
  AUTHOR = "{Vanderbi, R.J., and D.F. Shanno}",
  TITLE = "{An Interior Point Algorithm for Nonconvex Nonlinear Programming}",
  JOURNAL = {Comp. Opt. Appl.},
  VOLUME = {13},
  PAGES = {231-252},
  YEAR = {1999}
}
@ARTICLE{ref:varvarezos_1994,
  AUTHOR = "{Varvarezos, D.K, L.T. Biegler, and I.E. Grossmann}",
  TITLE = "{Multiperiod Design Optimization with SQP Decomposition}",
  JOURNAL = {Comp. Chem. Eng.},
  VOLUME = {18},
  PAGES = {1087},
  YEAR = {1994}
}
@ARTICLE{ref:veldhuizen_1997,
  AUTHOR = "{Veldhuizen, T.}",
  TITLE = "{Scientific Computing: C++ verus Fortran}",
  JOURNAL = {Dr. Dobb's Journal},
  MONTH = {November},
  YEAR = {1997}
}
@MISC{ref:veldhuizen_et_al_1998,
  AUTHOR = "{Veldhuizen, T. and E. Gannon}",
  TITLE = "{Active Libraries: Rethinking the Roles of Compilers and Libraries}",
  HOWPUBLISHED = {http://oonumerics.org/blitz/papers/},
  YEAR = {1998}
}
@INPROCEEDINGS{ref:van_bloeman_waanders_et_al_2001,
  AUTHOR = "{van Bloemen Waanders, B., A. Salinger, R. Pawlowski,
    L. Biegler, R. Bartlett}",
  TITLE = "{Simultaneous Analysis and Design Optimization of Massively Parallel
    Simulation Codes using an Object-Oriented Framework}",
  BOOKTITLE = {Tenth SIAM Conference on Parallel Processing for Scientific Computing},
  MONTH = {March},
  YEAR = {2001}
}
@MISC{ref:waechter_ipopt_1999,
  AUTHOR = "{W\"{a}chter, A.}",
  TITLE = "{A Quasi-Newton Interior Point Method for Large-Scale Nonlinear Programming}",
  HOWPUBLISHED = {Ph.D. Proposal, Department of Chemical Engineering,
    Carnegie Mellon University},
  MONTH = {December},
  YEAR = {1999}
}
@ARTICLE{ref:womble_et_al_1999,
  AUTHOR = "{Womble, D.E, S.S. Dosanja, B. Hendrickson, M.A. Heroux, S.J. Plimpton,
    J.L. Tomkins and D.S. Greenberg}",
  TITLE = "{Massively Parallel Computing: A Sandia Perspective}",
  JOURNAL = {Parallel Computing},
  VOLUME = {25},
  PAGES = {1853-1876},
  YEAR = {1999}
}
@TECHREPORT{ref:wright_1999,
  AUTHOR = "{Wright, S.}",
  TITLE = "{Optimization Software Packages}",
  NUMBER = {ANL/MCS-P8xx-0899},
  INSTITUTION = {Mathematics and Computer Science Division, Argonne National Laboratory},
  YEAR = {1999}
}
@MISC{ref:wunderling_et_al,
  AUTHOR = "{Wunderling, R. and M. Z\"{o}ckler}",
  TITLE = "{DOC++: A Documentation System for C/C++ and Java}",
  HOWPUBLISHED = {http://www.zib.de/Visual/software/doc++/index.html},
  YEAR = {1996}
}

