@BOOK(C++CodingStandards05,
 author = "H. Sutter and A. Alexandrescu",
 title = "C++ Coding Standards: 101 Rules, Guidelines and Best Practices",
 publisher = "Addison Wesley",
 year = "2005"
)

@BOOK(CodeComplete2nd04,
 author = "S. McConnell",
 title = "Code Complete: Second Edition",
 publisher = "Microsoft Press",
 year = "2004"
)

@BOOK(EffectiveC++3rd05,
 author = "S. Meyers",
 title = "Effective C++: Third Edition",
 publisher = "Addison Wesley",
 year = "2005"
)

@MiSC{ArtisticStyle,
  TITLE = "Artistic Style 1.20",
  AUTHOR = "T. Davidson and J. Pattee", 
  HOWPUBLISHED = {\texttt{http://astyle.sourceforge.net}}
}

@BOOK{stroustrup97,
  AUTHOR = "B. Stroustrup",
  TITLE = "The C++ Programming Language, special edition",
  PUBLISHER = {Addison-Wesley},
  ADDRESS = {New York},
  YEAR = {1997}
}

@book{ExtremeProgrammingExplained99,
 author = {Kent Beck},
 title = {Extreme Programming Explained: Embrace Change},
 year = {2000},
 isbn = {0201616416},
 publisher = {Addison-Wesley Professional},
 }

@book{ExtremeProgrammingExplained2nd04,
 author = {Kent Beck and Cynthia Andres},
 title = {Extreme Programming Explained: Embrace Change (2nd Edition)},
 year = {2004},
 isbn = {0321278658},
 publisher = {Addison-Wesley Professional},
 }

@TechReport{RefCountPtrBeginnersGuide,
  author=       {R. A. Bartlett},
  title=        {{Teuchos::RefCountPtr} : {A}n Introduction to the {T}rilinos Smart
                Reference-Counted Pointer Class for (Almost) Automatic Dynamic
                Memory Management in {C}++},
  institution=  {Sandia National Laboratories},
  year=         {2004},
  type=         {Technical report},
  number=       {SAND04-3268},
  address=      {Albuquerque, New Mexico 87185 and Livermore, California 94550}
}

@TechReport{TeuchosMemoryManagementGuide,
  author = {R. A. Bartlett},
  title = {Teuchos {C}++ Memory Management Classes, Idioms, and Related Topics:
    The Complete Reference (A Comprehensive Strategy for Safe and Efficient
    Memory Management in {C}++ for High Performance Computing)},
  institution = {Sandia National Laboratories},
  year = {2010},
  type = {Technical report},
  number = {SAND2010-2234},
  address = {Albuquerque, New Mexico 87185 and Livermore, California 94550}
}

@TechReport{JSFAVC++CodingStandards2005,
  author=       {Lockheed Martin},
  title=        {Joint Strike Fighter Air Vehicle {C++} Coding Standards
                 for the System Development and Demonstration Program},
  institution=  {Lockheed Martin Corporation},
  year=         {2005},
  type=         {Technical report},
  number=       {2RDU00001 Rev C},
  url=          {http://www.research.att.com/~bs/JSF-AV-rules.pdf}
}

@BOOK{AgileSoftwareDevelopment,
  author = "R. Martin",
  title = "Agile Software Development (Principles, Patterns, and Practices)",
  publisher = "Prentice Hall",
  year = "2003"
}

@BOOK{ImplementingLeanSoftwareDevelopment,
  author = "M. Poppendieck and T. Poppendieck",
  title = "Implementing Lean Software Development",
  publisher = "Addison Wesley",
  year = "2007"
}
