@Unpublished{Trilinos-home-page,
     author = {M.~A.~Heroux},
     title = "Trilinos Home Page.",
     note = "http://software.sandia.gov/trilinos"}

@manual{Epetra-Ref-Guide,
     title = "Epetra Reference Manual",
     author = "M.~A.~Heroux",
     institution = snl,
     edition  = "2.0",
     note = "http://software.sandia.gov/trilinos/packages/epetra/doxygen/latex/EpetraReferenceManual.pdf",
     year = 2002}

@techreport{dscpack-manual,
   author = "P.~Raghavan",
   Title   = "Domain-Separator Codes for the parallel solution of sparse linear systems",
   institution = "Department of Computer Science and Engineering, The
     Pennsylvania State University",
   number  = "CSE-02-004",
   Year    = "2002"}

@Unpublished{umfpack-home-page,
   author = "T.~A.~Davis",
   Title   = "{UMFPACK} home page",
   Note    = "http://www.cise.ufl.edu/research/sparse/umfpack",
   Year    = "2003"}


@techreport{Trilinos-Overview,
     title = "{An Overview of Trilinos}",
     author = "Michael Heroux and Roscoe Bartlett and Vicki Howle 
     Robert Hoekstra and Jonathan Hu and Tamara Kolda and 
     Richard Lehoucq and Kevin Long and Roger Pawlowski and 
     Eric Phipps and Andrew Salinger and Heidi Thornquist and 
     Ray Tuminaro and James Willenbring and Alan Williams ",
     institution = "Sandia National Laboratories",
     number = "SAND2003-2927",
     year = 2003}

@techreport{Trilinos-Dev-Guide,
     title = "{Trilinos Developers Guide}",
     author = "Michael A. Heroux and James M. Willenbring and Robert Heaphy",
     institution = "Sandia National Laboratories",
     number = "SAND2003-1898",
     year = 2003}

@techreport{Trilinos-Dev-Guide-II,
     title = "{Trilinos Developers Guide Part II: ASCI Software Quality Engineering Practices Version 1.0}",
     author = "Michael A. Heroux and James M. Willenbring and Robert Heaphy",
     institution = "Sandia National Laboratories",
     number = "SAND2003-1899",
     year = 2003}

@techreport{Trilinos-Users-Guide,
     title = "{Trilinos Users Guide}",
     author = "Michael A. Heroux and James M. Willenbring",
     institution = "Sandia National Laboratories",
     number = "SAND2003-2952",
     year = 2003}


@manual{Trilinos-Tutorial,
     title = "Trilinos Tutorial",
     author = "M.~Sala and M.~A.~Heroux and D.~Day",
     institution = snl,
     edition  = "4.0",
     year = 2004}

@Unpublished{Automake,
     author = "{Free\ Software\ Foundation}",
     key = "Automake",
     title = "{Automake Home Page.}",
     note = "http://www.gnu.org/software/automake"}

@Unpublished{Autoconf,
     author = "{Free\ Software\ Foundation}",
     key = "Autoconf",
     title = "{Autoconf Home Page.}",
     note = "http://www.gnu.org/software/autoconf"}

@Unpublished{superlu-home-page,
    Author = "X.~S.~Li and J.~W.~Demmel",
   Title   = "{SuperLU} home page",
   Note    = "http://crd.lbl.gov/~xiaoye/SuperLU/",
   Year    = "2003"}

@manual{superlu-manual,
     title = "SuperLU Users' Guide",
     author = "J.~W.~Demmel and J.~R.~Gilbert and X.~S.~Li",
     institution = "Computer Science Division, University of California, Berkely",
     year = 2003}

@manual{mumps-manual,
     title = "MUltifrontal Massively Parallel Solver (MUMPS Versions 4.3.1) Users' Guide",
     author = "P.R.~Amestoy and I.S.~Duff and  J.-Y.~L'Excellent and J.~Koster",
     institution = "CERFACS",
     year = 2003}

@Unpublished{mumps-home-page,
   author = "P.~R.~Amestoy and I.~S.~Duff and J.-Y.~L'Excellent and
             J.~Koster",
   Title   = "{MUMPS} home page",
   Note    = "http://www.enseeiht.fr/lima/apo/MUMPS",
   Year    = "2003"}

@TechReport{ml-guide,
  author =       {M. Sala and J. Hu and R. Tuminaro},
  title =        {{ML} 3.1 Smoothed Aggregation User's Guide},
  institution =  {Sandia National Laboratories},
  year =         {2004},
  OPTkey =       {},
  OPTtype =      {},
  number =       {SAND-4819},
  OPTaddress =   {},
  month =        {September},
  OPTnote =      {},
  OPTannote =    {}
}

@techreport{ METIS,
  author = "G. Karypis and V. Kumar",
  title = "{METIS}: Unstructured graph partitining and sparse matrix ordering sy
stem",
  institution = "University of  Minnesota, Department of Computer Science",
  year = "1998"
}

@book{scalapack,
     title = "{ScaLAPACK} Users' Guide",
     author = "L. S. Blackford and J. Choi and A. Cleary and E. {D'Azevedo}
               and J. Jemmel and I. Dhillon and J. Dongarra and
               S. Hammarling and G. Henry and A. Petitet and K. Stanley and D. W
alker and
               R. C. Whaley",
     publisher = "{SIAM} Pub.",
     year = 1997}


@TechReport{ifpack-guide,
  author =       {M. Sala and M. Heroux},
  title =        {Robust Algebraic Preconditioners with {IFPACK} 3.0},
  institution =  {Sandia National Laboratories},
  year =         {2005},
  OPTkey =       {},
  OPTtype =      {},
  number =       {SAND-0662},
  OPTaddress =   {},
  month =        {February},
  OPTnote =      {},
  OPTannote =    {}
}

@TechReport{oskl:04-etna,
  author =       {O. Schenk and K. G{\"a}rtner},
  title =        {On fast factorization pivoting methods for sparse
    symmetric indefinite systems},
  year =         {2004},
  institution =  {{D}epartment of {C}omputer {S}cience, {U}niversity
    of{B}asel},
  type =         {{T}echnical {R}eport},
  note =         {Submitted}
}

@article{sg:04-fgcs,
  author =       {O.~Schenk and K.~G{\"a}rtner},
  title =        "Solving Unsymmetric Sparse Systems of Linear
    Equations with {PARDISO}",
  year =         {2004},
  volume =       {20},
  number =       {3},
  pages  =       {475--487},
  journal=       {Journal of Future Generation Computer Systems}
}

@article{amestoy01analysis,
 author = {P. R. Amestoy and I. S. Duff and J.-Y. L'excellent and X. S. Li},
 title = {Analysis and comparison of two general sparse solvers for distributed memory computers},
 journal = {ACM Trans. Math. Softw.},
 volume = {27},
 number = {4},
 year = {2001},
 issn = {0098-3500},
 pages = {388--421},
 doi = {http://doi.acm.org/10.1145/504210.504212},
 publisher = {ACM Press},
 address = {New York, NY, USA},
}


@TechReport{gupta01recent,
  author =       {A. Gupta},
  title =        {Recent Advances in Direct Methods for SOlving Unsymmetric
    Sparse Systems of Linear Equations},
  year =         {2001},
  institution =  {{IBM} T.J. Watson Research Center},
  type =         {{T}echnical {R}eport},
}

@inproceedings{ashcraft99spooles,
  author = {C. Ashcraft and R. Grimes},
  title = {SPOOLES: an object-oriented sparse matrix library},
  booktitle = {Proceedings of the 9th SIAM Conference on Parallel Processing
    for Scientific Computing},
  year = "1999",
}

@TechReport{amesos-guide,
  author =       {M. Sala},
  title =        {Amesos 2.0 Reference Guide},
  institution =  {Sandia National Laboratories},
  year =         {2004},
  OPTkey =       {},
  OPTtype =      {},
  number =       {SAND-4820},
  OPTaddress =   {},
  month =        {September},
  OPTnote =      {},
  OPTannote =    {}
}

@book{ QV2,
    author = "A. Quarteroni and A. Valli",
    title = {Domain Decomposition Methods for Partial Differential Equations},
    publisher = "Oxford University Press",
    address = "Oxford",
    year = "1999"
}

@book{smith96parallel,
  author =       "B. Smith and P. Bjorstad and W. Gropp",
  title =        "Domain Decomposition: Parallel Multilevel methods for elliptic
 partial differential equations",
  publisher =    "Cambridge University Press",
  year =         "1996",
}

@book{ saad96iterative,
    author = "Y. Saad",
    title = "Iterative Methods for Sparse Linear Systems",
    publisher = "PWS",
    address = "Boston",
    isbn = "053494776X",
    year = "1996"
}

@article{brandt.classic,
  author = "A.~Brandt",
  TITLE = "{M}ulti-level {A}daptive {S}olutions to {B}oundary-{V}alue
           {P}roblems",
  JOURNAL = "Math. Comp.",
  VOLUME = "31",
  PAGES = "333--390",
  YEAR = "1977"
}
@book{hack.book,
  author = "W.~Hackbusch",
  TITLE = "{M}ulti-grid {M}ethods and {A}pplications",
  PUBLISHER = "Springer-Verlag",
  ADDRESS = "Berlin",
  YEAR = "1985"
}
@book{hack2.book,
  author = "W.~Hackbusch",
  TITLE = "{I}terative {S}olution of {L}arge {S}parse {L}inear {S}ystems of {E}quations",
  PUBLISHER = "Springer-Verlag",
  ADDRESS = "Berlin",
  YEAR = "1994"

}

@TechReport{Aztec,
  author =       "R. Tuminaro and M. Heroux and S. Hutchinson and J. Shadid",
  title =        "Official {A}ztec User's Guide: Version 2.1",
  institution =  "Sandia National Laboratories",
  year =         1999,
  number =       "Sand99-8801J",
  address =      "Albuquerque NM, 87185",
  month =        "Nov"
}
@techreport{petsc-guide,
  author =      "S. Balay and G. Gropp and L. C. McInnes and B. Smith",
  title =       "{PETSc} User's Manual",
  institution =  {Argonne National Laboratory},
  year =         {1995},
  OPTkey =       {},
  OPTtype =      {},
  number =       {ANL-95/11},
  OPTaddress =   {},
  month =        {November},
}

@article{ bpkit,
    author = "Edmond Chow and Michael A. Heroux",
    title = "An object-oriented framework for block preconditioning",
    journal = "ACM Transactions on Mathematical Software",
    volume = "24",
    number = "2",
    pages = "159--183",
    year = "1998",
    url = "citeseer.ist.psu.edu/chow98objectoriented.html" 
}


@article{ psblas,
    author = "S. Filippone and M. Colajanni",
    title = "{PSBLAS}: a library for parallel linear algebra computation on
      sparse matrices",
    journal = "ACM Transactions on Mathematical Software",
    volume = "26",
    pages = "527--550",
    year = "2000"
}

@unpublished{rozin04locality,
  author="E. Rozin and S. Toledo",
  title="Locality of reference in sparse {Cholesky} methods",
  month=aug,
  year=2004,
  note="To appear in Electronic Transactions on Numerical Analysis",
}

@article{rotkin04design,
  author="V. Rotkin and S. Toledo",
  title="The design and implementation of a new out-of-core sparse
  {Cholesky} factorization method",
  journal="ACM Transactions on Mathematical Software",
  volume=30,
  year=2004,
  pages="19--46",
  url="http://doi.acm.org/10.1145/974781.974783"
}

@article{irony04parallel,
  author="D. Irony and G. Shklarski and S. Toledo",
  title="Parallel and Fully Recursive Multifrontal Supernodal Sparse
    Cholesky",
  journal="Future Generation Computer Systems",
  volume=20,
  number=3,
  pages="425--440",
  month=apr,
  year=2004,
  url="http://dx.doi.org/10.1016/j.future.2003.07.007",
  doi="doi:10.1016/j.future.2003.07.007",
}


